3590 5734
984 732 1025 795 70

469 967 539 1040 hao
564 986 657 1040 vooe
679 968 828 1040 diversa
850 971 908 1040 est
920 967 1140 1040 Plautinum
1157 967 1307 1062 „labes”
1322 971 1408 1042 vide
1421 971 1541 1042 Plaut.

469 1113 584 1186 Stioh.
626 1115 706 1206 721,
745 1135 866 1206 neque
901 1118 1032 1187 tamen
1066 1117 1112 1186 ab
1146 1116 1304 1187 aliorum
1331 1117 1541 1206 priscorum

469 1262 701 1333 comicorum
726 1262 854 1352 lingua
878 1263 998 1334 aliena
1021 1265 1078 1334 est
1102 1262 1540 1356 conf.Titin.Oom.172,

468 1407 600 1500 Pomp.
636 1409 739 1482 Com.
778 1410 857 1502 144,
896 1410 976 1501 146,
1007 1410 1086 1502 158,
1114 1410 1210 1482 Nou.
1239 1410 1344 1483 Oom.
1372 1411 1430 1503 51,
1459 1413 1541 1483 vido

468 1557 583 1628 etiam
610 1556 725 1629 Luoil.
753 1560 821 1629 sat.
849 1559 882 1629 9.
912 1559 957 1629 74
983 1561 1021 1629 44
1046 1559 1104 1629 22.
1132 1558 1165 1629 9.
1193 1557 1316 1630 Nemo
1338 1559 1540 1648 4444414441-

468 1707 589 1777 tetam
614 1704 776 1778 formam
805 1705 991 1799 „labium”
1019 1705 1143 1778 fuisse.

520 1851 727 1945 „Uterum”
754 1852 868 1942 vulgo
891 1852 1036 1942 generis
1063 1853 1262 1924 masculini
1290 1872 1439 1925 sumere
1454 1852 1541 1925 sole-

467 2001 568 2092 bant,
595 2003 740 2072 restant
762 2003 889 2071 autem
912 2020 1031 2090 pauoa
1044 2001 1219 2090 exempla
1233 2001 1371 2072 mutati
1385 2001 1540 2090 generis.

467 2148 624 2220 Plautus
650 2147 752 2219 enim
775 2148 862 2219 Aul.
885 2148 954 2219 691
969 2148 1062 2219 haee
1076 2147 1191 2218 verba
1203 2147 1335 2219 habet:
1366 2147 1541 2240 „obsecro

466 2298 514 2388 44,
530 2298 682 2367 uterum
697 2295 818 2367 dolet''
835 2295 940 2382 (conf.
956 2295 1068 2385 Turp.
1085 2293 1188 2366 Com.
1207 2294 1286 2384 179,
1303 2293 1421 2365 Afran
1437 2293 1540 2366 Com.

468 2443 561 2530 346).
588 2443 637 2515 Et
658 2444 697 2515 in
718 2443 856 2534 Apulei
877 2443 1048 2534 apologia
1070 2443 1116 2513 85
1138 2442 1318 2531 legimus:
1346 2462 1390 2534 „o
1412 2442 1542 2513 infelix

467 2593 618 2662 uterum
643 2592 755 2661 tuum
780 2589 1025 2662 Pudentilla”.

515 2737 761 2809 Deminutiva
781 2755 899 2827 genus
919 2737 1122 2808 verborum
1145 2735 1364 2808 nativorum
1378 2756 1540 2829 servare,

466 2886 612 2956 certum
644 2886 712 2976 444,
735 2903 810 2975 qua
835 2884 915 2973 lege
942 2903 964 2954 a
989 2883 1227 2954 substantivo
1256 2881 1405 2976 „foous”
1430 2885 1541 2955 demi-

466 3034 644 3106 nutivum
683 3032 873 3126 „foculus”
915 3030 1163 3102 derivandum
1198 3033 1287 3101 erat.
1328 3030 1400 3102 Sed
1440 3032 1478 3102 44
1503 3031 1542 3102 in
1695 3087 1697 3090 .

466 3182 600 3254 Plauto
639 3185 677 3253 44
710 3181 750 3252 in
775 3179 936 3271 Apuleio
965 3178 1086 3250 forma
1115 3178 1325 3271 „foculum”
1353 3181 1543 3270 reperitur

465 3329 508 3402 of.
535 3329 656 3402 Plaut.
684 3330 780 3419 capt.
811 3327 892 3417 847,
920 3326 1022 3397 Pers.
1054 3326 1132 3397 104.

514 3477 619 3568 Quod
644 3475 691 3548 ud
716 3493 918 3546 numerum
945 3473 1118 3564 pertinet,
1151 3473 1424 3564 discrepantiae
1450 3480 1540 3548 sunt

464 3623 553 3698 liae:

516 3769 691 3866 „delicia”
719 3769 836 3841 414444
860 3766 982 3840 forma
1007 3770 1066 3839 est
1080 3768 1183 3839 voois
1200 3766 1408 3862 ‚‚delioiae”,
1424 3789 1540 3860 quam

464 3919 598 4012 optimi
633 3918 836 4010 soriptoros
871 3936 1052 4007 usurpare
1086 3914 1218 4008 solent,
1257 3916 1416 3988 Plautus
1454 3938 1540 3990 eam

464 4070 598 4141 rorem
629 4066 781 4138 ruihibot
814 4065 1037 4154 14444345,
1073 4064 1168 4135 llud.
1196 4064 1278 4155 429,
1318 4065 1426 4136 Truo.
1456 4064 1539 4158 921,

463 4215 584 4288 linum
612 4213 736 4285 minor
761 4215 799 4285 et
824 4211 925 4303 apud
950 4208 1157 4301 Apuleium
1183 4211 1376 4282 invenitur
1401 4212 1440 4283 in
1454 4232 1539 4303 apo-

462 4361 582 4452 logiae
608 4379 687 4452 eru.
715 4361 757 4432 9;
788 4361 847 4452 „ot
873 4357 1008 4430 Critias
1034 4377 1119 4429 meu
1144 4357 1275 4428 delicia
1296 4362 1354 4429 444
1379 4362 1418 4431 et
1431 4360 1539 4432 salva

463 4505 658 4582 Ol1o1·iuo.’'
686 4506 721 4577 ri.
749 4503 783 4576 u.
811 4503 911 4576 sou:
935 4503 973 4574 in
999 4503 1091 4594 prol.
