3590 5734
770 733 811 798 55

303 971 420 1044 scitus
458 972 713 1066 admissarius
752 973 816 1064 qui
852 976 1068 1046 consectare
1105 994 1179 1065 qua
1212 976 1328 1048 maris

303 1139 377 1210 qua
401 1118 595 1191 feminas.’'

254 1267 502 1340 comoedicus.
541 1267 810 1357 Praeterquam
848 1268 948 1359 apud
964 1242 1160 1360 'Apuleius
1190 1270 1326 1344 Florid.

256 1476 261 1482 ,
306 1414 362 1485 16.
402 1435 438 1505 p.
479 1415 536 1485 21.
566 1415 596 1485 1.
624 1433 738 1505 quem
764 1414 985 1504 Fulgentius
1011 1417 1132 1507 Myth.
1161 1417 1188 1489 l.
1216 1419 1328 1509 praef.

303 1583 338 1653 p.
368 1562 401 1633 2.
428 1581 479 1633 m.
506 1562 592 1634 ibid.
620 1582 655 1653 p.
686 1563 740 1636 10.
768 1563 941 1635 imitatus
966 1568 1034 1656 est,
1058 1585 1247 1656 nusquam
1261 1569 1329 1639 est.

302 1709 524 1780 adverbium
550 1728 640 1780 vero
669 1710 927 1802 „comoedica”
955 1711 1100 1801 legitur.
1117 1712 1238 1785 Plaut.
1253 1715 1328 1786 Mil.

169 1903 172 1912 ·
303 1856 393 1946 glor.
420 1856 505 1928 213.

254 2004 559 2095 concinnandas,
588 2004 687 2094 quod
709 2005 860 2076 rarioris
882 2006 1161 2079 terminationis
1175 2009 1331 2081 vocabu-

302 2151 383 2222 lum
415 2151 601 2241 Apuleius
627 2152 744 2224 semel
769 2154 921 2223 tantum
948 2156 1117 2244 usurpat.
1158 2155 1245 2226 Met.
1282 2155 1329 2249 H,

262 2329 264 2334 ’
306 2299 365 2390 ll„
389 2299 601 2370 derivatum
632 2320 654 2370 a
679 2300 794 2371 verbo
821 2300 1078 2392 concinnandi‚
1106 2302 1214 2391 cuius
1240 2321 1333 2373 usus

303 2466 418 2537 quam
443 2446 617 2537 frequens
642 2446 777 2518 Plauto
803 2447 852 2518 sit
877 2466 992 2538 supra
1017 2448 1246 2520 notavimus.

254 2595 440 2668 cordatus
465 2595 552 2666 Vox
571 2612 618 2665 ex
636 2593 856 2665 vetustioris
870 2593 1019 2684 linguae
1033 2614 1105 2666 usu
1119 2595 1331 2688 desumpta,

303 2744 356 2815 ita
382 2743 484 2814 enim
510 2741 639 2813 scribit
664 2741 820 2813 Ennius.
847 2742 947 2813 Ann.
976 2742 1058 2815 335.
1082 2742 1167 2830 (Oic.
1188 2744 1233 2815 de
1254 2763 1331 2836 rep.

303 2890 332 2962 Ι.
372 2890 443 2976 30.)
470 2909 490 2962 e
516 2891 623 2980 quus
649 2890 827 2963 thesauro
855 2892 893 2961 et
920 2890 1060 2962 Seneca
1085 2891 1125 2961 in
1150 2891 1332 2982 Apocolo-

260 3105 263 3112 .
303 3039 491 3130 cynthosi.
509 3038 564 3109 12.
579 3038 754 3129 sumpsit.
769 3036 955 3128 Apuleius
968 3038 1097 3128 posuit
1111 3038 1198 3110 Met.
1210 3039 1256 3110 V.
1272 3039 1329 3110 31.

259 3233 261 3238 ·
303 3186 463 3258 Plautus
492 3186 677 3276 adjectivo
717 3186 869 3276 quidem
896 3205 973 3257 non
998 3205 1091 3257 usus
1118 3188 1186 3279 est,
1214 3187 1333 3260 semel

303 3336 341 3406 et
377 3335 516 3405 iterum
544 3335 583 3405 in
610 3335 691 3424 ejus
716 3332 851 3405 fabulis
877 3333 1102 3405 adverbium
1132 3331 1327 3424 „cordate”

239 3546 242 3552 ,
309 3484 377 3553 est.
416 3481 491 3552 Mil.
532 3482 622 3572 glor.
666 3482 770 3554 1088.
810 3482 923 3554 Poen.
959 3482 1038 3554 131.
1067 3482 1173 3568 (conf.
1201 3482 1331 3557 Afran.

305 3629 410 3703 Com.
439 3630 535 3715 220.)

256 3778 475 3851 cruciabilis.
514 3776 759 3867 Adjectivum
795 3775 1082 3860 11121111110111111
1105 3777 1334 3867 scriptorum

304 3927 490 4019 operibus,
519 3944 613 4015 quae
639 3925 685 3995 ad
711 3928 881 3996 nostram
896 3925 1060 3996 aetatem
1079 3929 1334 4014 pervenerunt

302 4094 379 4147 non
414 4073 576 4145 occurrit
613 4075 701 4143 ante
726 4071 943 4163 Apuleium,
972 4071 1036 4161 qui
1061 4072 1100 4142 in
1129 4072 1331 4145 Metamor-

303 4220 486 4312 phosibus
511 4218 650 4290 scribit.
679 4217 707 4289 l.
736 4219 767 4288 7.
796 4218 861 4288 27:
893 4218 1155 4310 „cruciabilem
1183 4220 1334 4311 suspiri-

304 4371 390 4438 tum
420 4364 594 4456 ducens„'’
622 4365 670 4436 X.
687 4366 719 4436 3.
738 4364 768 4435 1.
798 4365 893 4458 „Sed
906 4364 968 4436 illa
982 4366 1170 4437 cruciabili
1184 4367 1332 4440 silentio

305 4512 494 4603 fatigata.'’
537 4512 827 4584 substantivum
854 4475 1163 4605 „cruciabilitas”v
1177 4514 1334 4588 Plautus
