3590 5734
586 1675 1025 1783 Praefatio

316 2201 522 2292 Apuleium
557 2201 596 2272 in
630 2200 900 2292 componendis
934 2200 1109 2291 operibus
1142 2199 1264 2272 multa
1297 2200 1343 2271 ab

266 2349 349 2422 aliis
382 2349 627 2440 scriptoribus
660 2351 880 2420 mutuatum
915 2367 1015 2439 esse,
1057 2347 1344 2437 Oudendorpius

261 2497 343 2587 J'am
365 2497 470 2588 vidit,
495 2497 558 2587 qui
581 2496 627 2568 ad
650 2496 789 2568 librum
815 2495 870 2567 IV
884 2515 974 2567 suae
988 2494 1345 2586 metamorphoseon

267 2644 441 2716 editionis
455 2665 537 2735 pag.
554 2644 625 2716 246
639 2644 746 2715 dicit:
773 2643 1001 2736 „Apuleium
1017 2643 1110 2714 nihil
1124 2644 1205 2715 sine
1219 2663 1342 2714 exem·
1428 2733 1429 2736 Ἴ

266 2790 329 2882 plo
355 2791 585 2882 scripsisse.”
612 2791 711 2862 Eum
737 2790 859 2863 multa
884 2790 1056 2862 hausisse
1070 2809 1117 2862 ex
1131 2790 1341 2880 priscorum

264 2941 484 3028 temporum
531 2937 788 3029 scriptoribus,
827 2940 871 3008 ut
908 2936 983 3008 iere
1021 2956 1169 3027 quaque
1206 2937 1343 3027 pagina

266 3085 382 3157 verba
407 3084 468 3156 vel
494 3084 773 3156 enuntiationes
799 3082 1009 3173 legentibus
1023 3084 1231 3174 occurrant,
1248 3102 1342 3173 quae

265 3236 347 3304 tam
385 3231 531 3304 solutae
557 3251 671 3322 quam
698 3231 882 3321 pedestris
908 3229 1088 3302 orationis
1114 3229 1342 3320 scriptorum

267 3379 509 3469 antiquorum
544 3397 656 3468 opera
689 3379 727 3449 in
764 3377 989 3451 memoriam
1021 3375 1212 3467 reducant,
1245 3376 1343 3446 inter

268 3545 411 3618 omnes,
447 3526 510 3616 qui
545 3525 682 3616 Apulei
708 3524 859 3615 scriptis
884 3543 1037 3614 operam
1063 3523 1340 3614 impenderunt,

263 3675 344 3764 jam
371 3673 515 3745 dudum
542 3673 720 3744 convenit
745 3676 755 3758 (
779 3675 800 3756 l.

267 3840 436 3848 .-.—---

303 3900 336 3972 (1)
355 3899 553 3954 Rulmkenius
572 3899 602 3952 in
620 3898 800 3966 praefatione
817 3897 952 3951 editionis
960 3895 1219 3962 Oudendorpianae
1230 3894 1342 3948 scribit:

269 3996 405 4066 „tantum
424 3993 498 4049 afuit
518 3995 552 4048 ut
580 3993 633 4048 sibi
660 3994 690 4047 in
716 3994 770 4046 hoc
789 4007 896 4060 genero
915 3990 1089 4056 (imitatione
1109 3989 1284 4056 scriptorum
1304 4003 1342 4042 ex

268 4091 372 4146 ultima
399 4089 575 4158 antiquitate
605 4089 810 4156 inpetitorum)
839 4087 1018 4154 temperaret
1047 4087 1081 4140 ut
1107 4085 1206 4152 potius
1225 4099 1241 4139 e
1260 4098 1344 4138 casca

267 4187 419 4242 vetustate
448 4201 513 4241 earn
542 4185 705 4240 orationem
733 4182 900 4240 conflaret.’'
936 4183 1107 4249 Numquam
1134 4179 1344 4248 praetermittit

267 4281 449 4336 occasionem
468 4280 564 4334 Plauti
583 4280 712 4347 linguam
731 4295 800 4333 cum
819 4278 925 4346 Apulei
943 4277 1137 4346 comparandi.

302 4376 528 4431 Hildebrandius
546 4376 707 4430 identidem
725 4376 828 4429 monet
838 4374 937 4442 plures
947 4373 1088 4428 formulas
1099 4372 1215 4426 comicis
1225 4371 1343 4424 tantum

267 4472 398 4541 proprias
425 4473 460 4528 ab
488 4472 611 4539 Apuleio
639 4487 677 4526 ex
702 4471 806 4526 Plauto
826 4471 999 4537 desumptas
1018 4483 1084 4523 esse
1104 4467 1186 4533 (Vide
1206 4467 1270 4534 eJus
1290 4465 1343 4520 edi·

266 4568 355 4629 tionis
374 4567 553 4636 Apuleianae
573 4568 635 4621 tom
655 4567 669 4620 Ι
688 4581 752 4634 pag.
771 4567 813 4634 24,
833 4566 875 4634 32,
895 4566 930 4619 68
949 4566 979 4619 et
999 4563 1131 4632 passim).
1213 4547 1216 4556 ’
