3590 5734
511 945 624 1037 Apul.
647 946 734 1019 Met.
753 947 836 1020 VH.
870 950 924 1021 16.
952 950 1009 1022 25.
1038 951 1159 1043 Supra
1183 952 1287 1025 locos
1307 955 1388 1044 Jam
1414 954 1537 1026 lauda-

509 1091 638 1164 vimus
681 1095 817 1184 quibus
860 1097 1021 1169 verbum
1062 1101 1298 1172 auscultandi
1336 1101 1376 1173 in
1414 1102 1539 1174 Plauti

511 1239 645 1312 fabulis
655 1243 826 1314 occurrit.
842 1243 913 1315 His
924 1245 1121 1335 adjicimus
1135 1248 1406 1341 „auscultatio”
1417 1250 1538 1322 Plaut.

511 1387 607 1460 Rud.
634 1388 717 1460 502.

461 1534 596 1607 boatus
633 1535 795 1625 legimus
835 1533 947 1624 Apul.
988 1533 1075 1606 Met.
1114 1533 1182 1606 lll.
1215 1536 1247 1608 3.
1287 1536 1318 1625 1,
1352 1536 1401 1607 X.
1432 1537 1463 1608 7.
1495 1536 1538 1607 l7

511 1688 558 1771 (v.
587 1684 620 1755 d.
645 1684 747 1756 Vliet
784 1702 874 1754 cum
912 1682 1036 1754 codd:
1063 1686 1212 1775 vocatu,
1254 1682 1366 1756 Oud.:
1397 1685 1537 1778 boatu).

511 1831 613 1905 Usus
650 1831 756 1902 verbi
796 1829 933 1902 boandi
959 1830 1059 1920 apud
1086 1834 1289 1922 utrumque
1316 1833 1539 1923 scriptorem

510 1997 626 2069 supra
651 1977 909 2067 cognovimus.
1447 2025 1449 2029 -

463 2123 631 2196 cavillus.
671 2123 784 2214 Apul.
821 2123 908 2194 Met.
946 2122 992 2194 Π.
1023 2124 1078 2194 19.
1108 2123 1165 2194 25.
1202 2123 1274 2195 Sed
1301 2127 1339 2196 et
1360 2125 1539 2197 cavillum

512 2271 599 2344 Met.
625 2271 653 2342 l.
682 2271 713 2343 7.
742 2271 799 2363 26,
818 2271 858 2342 in
871 2270 1005 2341 Plauto
1019 2272 1150 2342 tamen
1164 2270 1373 2361 reperimus
1387 2274 1539 2344 tantum

514 2418 693 2513 „cavilla”
720 2418 807 2490 Aul.
835 2418 917 2490 640.

462 2567 679 2658 cauponius.
715 2565 901 2656 Apuleius
935 2565 1035 2651 (Met.
1075 2563 1103 2636 l.
1144 2564 1264 2651 511)
1301 2566 1538 2638 substantive

513 2714 643 2807 utitur,
672 2714 772 2805 apud
798 2713 977 2784 Plautum
1005 2732 1095 2785 vero
1109 2713 1340 2804 adjectivum
1354 2715 1539 2806 scriptum

512 2863 648 2953 legitur
674 2863 787 2935 Poen.
820 2862 924 2933 1298.

462 3013 739 3084 commentator
768 3009 868 3100 apud
893 3007 1101 3099 Apuleium
1129 3008 1313 3098 reperitur
1341 3007 1451 3098 Apol.
1482 3007 1537 3079 74.
1628 3067 1629 3071 .

512 3157 553 3245 (F
567 3193 588 3242 φ
602 3158 648 3229 V:
664 3159 951 3249 commentator,
967 3155 1273 3246 Oudendorpius:
1290 3159 1539 3242 commentor)

512 3304 671 3377 verbum
711 3302 1003 3395 commentandi,
1044 3302 1143 3392 quod
1181 3302 1315 3374 Plauto
1342 3302 1538 3376 usitatissi-

512 3472 621 3524 mum
647 3454 715 3545 est,
738 3453 820 3542 jam
846 3471 960 3542 supra
984 3449 1235 3522 laudavimus

464 3599 706 3671 converritor.
768 3597 864 3670 Vide
911 3596 1118 3688 Apuleium
1164 3595 1275 3687 Apol.
1315 3597 1349 3689 6,
1389 3597 1539 3689 saepius

512 3747 612 3838 apud
650 3746 830 3818 Plautum
871 3743 1137 3839 „converrere”
1177 3743 1272 3815 Rud.
1303 3743 1385 3836 845,
1421 3744 1536 3816 Stich.

513 3894 596 3987 389,
625 3894 707 3966 351.

464 4042 623 4132 coquina
670 4040 940 4128 (substantive).
988 4039 1101 4131 Apul.
1141 4040 1175 4111 d.
1203 4040 1237 4112 d.
1278 4040 1372 4112 Plat.
1414 4039 1462 4113 Il.
1504 4042 1536 4113 9.

512 4189 670 4260 Plautus
695 4188 829 4260 Pseud.
855 4188 935 4259 790.
965 4186 1025 4277 Sq.
1050 4186 1281 4277 adjectivum
1297 4188 1537 4281 „coquinus”.

514 4336 666 4408 adhibet
691 4356 761 4408 nec
787 4355 865 4408 000
889 4335 1050 4407 verbum
1079 4335 1324 4429 „coquinare”
1351 4335 1438 4408 Aul.
1455 4335 1537 4430 406,

513 4482 648 4555 Pseud.
676 4483 758 4575 aaa,
788 4449 894 4554 avo.
