3516 5730
725 722 768 786 95

208 963 294 1036 Non
320 981 417 1053 opus
444 963 502 1032 est
527 960 641 1050 igitur
667 958 810 1030 multos
835 958 937 1030 looos
963 957 1125 1029 laudare.
1175 957 1285 1031 Unus

210 1129 277 1200 pro
311 1108 446 1180 multis
480 1107 561 1179 erit.
612 1106 733 1178 Plaut.
769 1105 866 1177 Meu.
903 1105 985 1176 955.
1037 1104 1222 1195 Apuleius
1248 1106 1287 1175 et

210 1258 280 1329 hao
306 1257 345 1327 in
371 1276 411 1327 re
436 1256 613 1346 antiquos
638 1256 814 1325 seotatur.
843 1253 930 1325 Met.
958 1252 985 1324 I.
1014 1253 1071 1324 23.
1095 1253 1153 1344 23,
1167 1251 1284 1324 florid.

212 1404 268 1495 23,
297 1423 380 1494 pag.
408 1403 465 1474 36.
494 1401 526 1473 8.

259 1549 477 1621 Sententiae
503 1547 693 1638 relativae,
720 1566 815 1638 quae
841 1549 1035 1638 vocantur,
1063 1566 1190 1637 quaea
1203 1565 1286 1618 oon-

206 1696 403 1787 junotione
444 1694 627 1788 „quippe”
667 1694 854 1786 incipiunt
888 1692 1078 1778 Ciceronis
1105 1693 1287 1766 Caesaris·

213 1864 285 1935 que
311 1845 434 1915 aetate
460 1861 609 1932 semper
635 1861 723 1912 oum
749 1841 989 1932 conjunctivo
1004 1844 1287 1933 construuntur,

213 1991 313 2084 quod
348 1991 474 2062 omnis
507 1989 674 2061 melioris
699 1992 810 2061 notae
836 1988 996 2079 scriptor
1022 1989 1194 2061 imitatus
1219 1992 1287 2061 est.

215 2139 287 2210 Eas
313 2140 444 2209 tamen
470 2137 594 2208 Plauti
622 2137 854 2227 temporibus
882 2156 970 2208 oum
997 2137 1207 2209 indicativo
1229 2157 1290 2228 po-

215 2285 308 2356 sitas
336 2303 428 2376 esse,
455 2287 644 2355 testantur
670 2284 840 2356 nonnulli
867 2304 1000 2357 versus
1013 2285 1189 2378 Plautini,
1205 2305 1290 2374 qua·

217 2432 271 2503 les
296 2433 387 2503 sunt
407 2429 548 2521 Amph.
571 2430 664 2520 prol.
680 2431 744 2501 22;
767 2432 927 2524 „quippe
940 2433 1004 2523 qui
1018 2431 1290 2504 intellexerat.''

219 2580 308 2650 745:
340 2579 500 2672 „quippe
525 2578 589 2668 qui
615 2597 662 2649 ex
675 2580 713 2649 te
727 2578 889 2669 audivi‚''
904 2579 1078 2650 Baouhid.
1094 2579 1176 2670 369,
1195 2579 1290 2651 Rud.

218 2726 299 2816 384,
327 2725 435 2796 Tmo.
463 2724 520 2796 68.
548 2724 733 2816 Apuleius
758 2725 936 2797 Plautum
962 2725 1032 2797 hae
1051 2727 1293 2798 inconstruo·

216 2874 318 2946 tione
345 2877 497 2944 secutus
524 2875 582 2944 est
607 2873 717 2963 Apol.
745 2873 810 2944 29:
846 2873 1005 2966 „quippe
1028 2873 1092 2963 qui
1114 2874 1207 2945 nulli
1220 2872 1292 2945 iue-

218 3018 342 3092 runt.’'

182 3227 183 3232 ,
269 3168 520 3262 „uisumque”
557 3168 656 3258 quod
682 3167 931 3239 indicativum
958 3187 1084 3257 regere
1110 3168 1230 3261 debet,
1257 3173 1296 3241 et

221 3316 320 3407 apud
346 3315 524 3387 Plautum
552 3319 590 3387 et
615 3315 714 3406 apud
728 3315 934 3406 Apuleium
950 3334 1038 3386 oum
1053 3316 1294 3405 conjunctivo

220 3465 345 3532 exstat
370 3460 484 3551 Apul.
512 3461 599 3532 Met.
627 3461 655 3532 I.
671 3462 728 3533 20.
745 3462 812 3533 2οῑ
842 3462 1294 3555 „utcumquelatadecre-

221 3606 381 3678 verint.''
416 3606 537 3678 Plaut.
574 3607 747 3679 Bacchid.
776 3610 865 3680 661:
896 3613 1126 3702 „utcumque
1152 3628 1212 3680 res
1235 3609 1294 3701 sit,

220 3754 272 3826 ita
297 3755 469 3826 animum
496 3755 666 3827 habeat.''

270 3903 364 3974 Mira
390 3905 448 3974 est
466 3904 697 3975 oonstruotio
722 3904 807 3997 „diu
822 3908 880 3975 est
894 3904 1027 3996 quod,’'
1055 3924 1150 3995 quae
1163 3904 1299 3995 legitur

220 4048 334 4140 Apul.
362 4051 449 4121 Met.
477 4049 495 4121 l
522 4051 578 4122 24.
606 4051 648 4122 4;
687 4050 775 4144 „Sat
800 4051 863 4142 pol
889 4051 953 4122 diu
979 4054 1037 4122 est
1063 4051 1162 4142 quod
1187 4052 1298 4123 inter-

222 4197 383 4269 visimus
406 4197 480 4269 te.'’
506 4197 698 4269 Firmatur
720 4201 848 4270 autem
871 4199 952 4270 looo
966 4198 1140 4270 Plautino
1154 4198 1297 4289 Amph.

222 4344 312 4415 302:
342 4345 442 4437 „Jam
466 4344 530 4416 diu
557 4348 625 4438 est,
653 4345 752 4435 quod
776 4346 899 4417 ventri
926 4345 1073 4417 vietum
1085 4345 1296 4416 nondatis’'

221 4495 281 4577 (ex
318 4490 477 4562 lectione
514 4492 755 4583 Fleckeiseni‚
795 4491 869 4564 Leo
898 4492 962 4563 dat
989 4491 1174 4585 ‚‚quom’').
