3516 5730
738 751 800 815 119

230 992 287 1063 est
323 989 487 1062 imitatio
524 1007 617 1060 usus
653 988 829 1080 Plautini,
869 987 1033 1058 Bacchid
1061 988 1167 1080 1002,
1197 988 1301 1081 1041,

231 1138 339 1210 Most.
369 1137 610 1230 10411111.
640 1136 721 1208 611.

278 1286 322 1359 In
358 1286 491 1358 ecdem
526 1304 638 1376 opere
671 1283 883 1375 Apuleiana
917 1283 1054 1373 legitur
1079 1304 1109 1354 c.
1137 1285 1203 1355 93:
1242 1287 1308 1378 „ut

231 1453 314 1506 eam
359 1433 560 1524 pecuniam
599 1433 680 1504 siue
717 1450 825 1503 mora
862 1430 1032 1503 redderet
1070 1431 1109 1502 in
1146 1431 1309 1522 praediis

231 1581 296 1653 vili
330 1579 577 1652 aestimatis.''
631 1578 773 1670 Operae
806 1579 971 1668 pretium
1006 1581 1064 1650 est
1090 1599 1308 1669 comparare

232 1728 352 1800 Plaut.
380 1727 487 1818 Epid.
515 1727 580 1817 51;
611 1725 727 1819 „Quid
753 1726 884 1816 istanc,
913 1745 1028 1816 quam
1050 1726 1153 1818 emit,
1177 1727 1308 1816 quanti

233 1896 316 1949 eam
342 1875 465 1947 emit?
491 1875 558 1946 Th.
587 1871 698 1944 Vili.''

279 1999 398 2113 Apul
423 2022 510 2092 Met.
538 2019 566 2092 l.
594 2021 627 2091 5.
655 2022 696 2091 3:
726 2019 846 2113 „quod
871 2020 1057 2111 polliceris
1079 2022 1187 2113 aequi
1209 2023 1309 2095 boui-

233 2189 303 2260 que
341 2167 470 2239 faci0.'’
521 2165 679 2237 Plautus
717 2186 794 2238 uon
830 2169 951 2238 tutam
980 2168 1133 2258 quidem
1158 2169 1309 2242 locutio·

232 2335 320 2387 nem
345 2314 468 2404 habet,
496 2313 625 2385 scribit
652 2315 782 2385 tamen
810 2314 885 2386 Mil.
900 2315 991 2405 glor.
1009 2317 1097 2388 784:
1128 2319 1258 2410 „aequi
1273 2319 1310 2390 id

236 2463 363 2536 facic.''

284 2611 336 2684 Ut
361 2610 524 2702 appellet
549 2610 690 2700 aliquid
711 2609 851 2682 nullius
864 2612 985 2702 pretii,
1004 2616 1162 2703 usurpat
1176 2633 1310 2686 vccem

238 2759 380 2853 „iolla”
433 2758 493 2828 Sic
531 2757 716 2848 Apuleius
750 2757 839 2829 dicit
873 2759 961 2830 Met.
989 2758 1017 2831 l.
1046 2761 1079 2832 8.
1109 2761 1172 2833 17:
1203 2762 1311 2855 „iulia

174 2963 175 2968 a
236 2910 324 2979 suut
348 2907 440 2978 artis
466 2909 504 2977 et
529 2925 651 2995 nugae
677 2904 837 2978 merae.''
865 2905 925 2978 Ita
950 2907 1108 2980 Plautus
1132 2909 1310 2982 foliisuti-

235 3056 296 3125 tur
318 3054 363 3124 de
377 3053 505 3144 parvis
518 3053 636 3124 initiis
649 3073 739 3143 prae
752 3053 1011 3143 magnitudine
1026 3073 1156 3126 earum
1170 3076 1309 3149 rerum,

237 3220 330 3290 quae
355 3201 488 3291 postea
513 3199 698 3271 evenient.
725 3199 847 3272 Plaut.
863 3201 959 3274 Men.
975 3203 1064 3273 375:
1090 3202 1312 3296 „iollauunc

237 3348 422 3419 cadunt...
449 3345 546 3417 'l'um
573 3347 724 3418 arbores
749 3348 788 3419 in
813 3351 851 3420 te
877 3349 1046 3422 cadent.''

284 3495 337 3568 Ut
371 3493 555 3584 significet
580 3494 743 3584 aliquem
770 3514 851 3566 esse
877 3498 944 3567 aut
969 3516 1122 3569 manere
1148 3499 1312 3588 quodam

237 3642 316 3714 loco
342 3641 528 3733 Apuleius
554 3641 668 3713 verba
691 3645 729 3713 et
743 3642 877 3714 Plauto
891 3642 1127 3734 frequentata
1140 3651 1310 3740 usurpat,

238 3810 267 3863 e.
306 3810 339 3880 g.
384 3788 564 3882 „habere”
591 3809 658 3880 pro
688 3789 914 3882 „habitare”
941 3790 1054 3881 Apul.
1082 3791 1169 3863 Met.
1197 3791 1225 3864 Ι.
1254 3794 1311 3866 21.

240 3939 302 4010 18;
345 3956 455 4030 „cum
496 3955 611 4007 uxore
649 3936 766 4007 etiam
801 3897 1027 4008 calamitatis
1053 3958 1143 4010 suae
1176 3941 1313 4012 comite

238 4084 373 4158 habet”
414 4085 523 4172 (1.11.
552 4084 672 4155 Vliet:
712 4104 799 4155 cum
839 4104 999 4156 uxorem
1025 4087 1139 4158 etiam
1166 4088 1313 4160 calami-

237 4235 327 4306 tatis
365 4252 455 4304 suae
493 4232 674 4304 comitem
712 4232 871 4323 habeat),
911 4231 944 4302 d.
986 4232 1311 4305 celatura:

241 4400 345 4476 „eam
384 4380 484 4471 quod
520 4380 580 4470 pie
619 4380 775 4470 vixerit,
815 4379 997 4470 praecipit
1034 4379 1312 4453 fortunatorum

238 4528 452 4600 habituram
477 4526 594 4598 locu.''
