3590 5734
754 721 796 786 59

236 959 424 1031 callenter.
460 960 681 1032 adverbium
707 961 893 1052 participii
919 961 1128 1052 praesentis
1154 962 1311 1034 averbo

286 1107 453 1200 eallendi,
493 1108 592 1198 quod
631 1109 670 1179 in
707 1107 841 1180 Plauto
879 1107 1227 1198 frequentissimum
1254 1111 1312 1181 est

285 1260 419 1346 (neque
444 1255 506 1332 alii
531 1256 665 1328 oomioi
690 1255 948 1348 neglexerunt,
967 1255 1047 1327 Ter.
1063 1256 1212 1328 ‘Heaut.
1229 1257 1311 1350 548,

285 1401 445 1492 Adelph.
482 1402 564 1495 533,
599 1403 731 1493 Pomp.
768 1401 872 1475 Gom.
903 1402 982 1494 118,
1009 1401 1138 1474 Afran.
1167 1404 1200 1495 3,
1231 1403 1310 1495 124,

288 1548 392 1622 ane.
431 1549 487 1636 14)
522 1549 565 1621 of.
601 1551 709 1621 Truo.
737 1550 819 1642 332,
854 1550 964 1622 Most.
992 1551 1073 1643 279,
1096 1551 1201 1623 'Pera
1229 1551 1312 1644 305,

285 1697 422 1787 legitur
446 1696 585 1789 Apulei
610 1698 649 1768 in
675 1697 1044 1787 Metamorphosibus
1069 1697 1136 1769 IV.
1166 1697 1221 1769 16.
1253 1698 1307 1770 12.

236 1846 416 1918 olanoulo.
452 1846 636 1936 scriptum
670 1844 806 1935 legitur
840 1845 954 1936 Apul.
989 1845 1076 1916 Met.
1112 1844 1180 1916 III.
1217 1846 1250 1917 8.
1278 1847 1311 1939 5,

289 1995 343 2065 16.
384 1994 438 2086 14,
474 1993 541 2065 IX.
569 1994 602 2065 9.
631 1994 663 2064 9.
695 1992 805 2084 Apol.
834 1992 891 2084 40,
920 1992 977 2083 85,
1004 1991 1312 2064 terminationem

285 2143 324 2212 in
364 2160 431 2212 um
469 2141 634 2212 ostendit
673 2160 761 2212 oum
798 2140 881 2212 aliis
916 2139 1140 2230 'antiquioris
1179 2141 1314 2212 aetatis

285 2287 501 2359 auctoribus
526 2287 683 2359 Plautus
709 2287 882 2359 Baoohid.
911 2288 993 2380 317,
1021 2289 1103 2380 375,
1131 2287 1212 2361 Cae.
1230 2287 1311 2381 444,

286 2434 392 2509 Oura.
434 2436 491 2527 22,
531 2435 627 2508 Men.
668 2436 749 2527 477,
790 2436 900 2507 Most.
940 2435 1043 2528 1044,
1084 2436 1191 2507 Tmo.
1228 2435 1311 2528 670,

286 2582 380 2654 conf.
407 2582 501 2654 Atta
527 2582 631 2654 Com.
660 2581 718 2674 24,
745 2581 874 2653 Afran.
902 2580 1006 2654 Com.
1035 2581 1092 2674 47,
1119 2582 1312 2653 Ter-Eun.

286 2730 368 2821 310,
405 2730 487 2822 411,
524 2730 606 2822 589,
643 2730 725 2822 602,
760 2730 897 2802 Heaut.
932 2730 1014 2822 472,
1049 2729 1202 2801 Phorm.
1230 2731 1312 2822 873,

285 2877 446 2970 Adelph.
474 2878 532 2970 52,
559 2877 646 2949 Lm.
674 2877 750 2949 Sat.
779 2878 836 2970 27,
864 2878 921 2950 30.

236 3027 490 3118 derepentino.
529 3045 646 3098 unum
673 3025 899 3097 vocabulum
924 3024 1067 3096 factum
1093 3044 1141 3121 err
1169 3024 1237 3118 „de
1262 3043 1314 3095 re·

256 3209 259 3214 ·
286 3173 464 3266 pentino’'
500 3177 658 3264 usurpat
683 3173 870 3264 Apuleius
896 3173 935 3244 in
960 3172 1077 3244 florid.
1106 3172 1225 3263 16..-p.
1254 3171 1313 3242 20.-

288 3324 319 3393 r.
346 3321 411 3394 m.
440 3321 473 3394 1.
502 3321 535 3393 o.
564 3321 663 3393 socr.
691 3321 784 3412 pror.
812 3297 846 3412 p.
868 3320 908 3392 a
931 3320 985 3392 14.
1013 3319 1259 3410 arripueras
1275 3323 1312 3391 a

285 3468 443 3540 Plautus
465 3471 626 3540 utuntur
641 3468 881 3562 „repentino”
898 3471 935 3539 et
952 3467 1197 3561 „derepente”
1213 3467 1312 3553 (vide

284 3617 409 3707 huJus¹
424 3616 538 3696 libelli
564 3617 698 3709 capitis
723 3617 836 3706 primi
862 3616 1026 3687 alteram·
1046 3617 1217 3706 partem).
1274 3639 1277 3644 ·

237 3765 413 3842 dicacule.
448 3764 562 3856 Apul.
598 3765 685 3835 Met.
722 3763 750 3835 l.
787 3765 819 3836 9.
856 3764 913 3856 29,
949 3762 1055 3835 VIII.
1092 3764 1148 3834 25.
1177 3763 1234 3855 25,
1268 3763 1313 3835 de

285 3914 470 4004 adjectivo
508 3913 658 4002 utrique
696 3911 870 4002 scriptori
909 3912 1049 3982 usitato
1084 3910 1164 4000 Jam
1197 3909 1314 3981 locuti

285 4081 429 4134 sumna.

238 4208 394 4287 diutino.
429 4207 571 4278 Duolois
602 4206 693 4277 loeis
720 4206 842 4296 operis
868 4204 1070 4295 Apuleiani
1096 4205 1150 4276 sio
1176 4204 1312 4295 legitur

285 4355 331 4426 de
381 4354 517 4444 quibus
564 4353 716 4442 quidem
764 4353 862 4423 inter
909 4351 1011 4423 viros
1058 4350 1189 4422 doctos
1236 4371 1312 4434 non

286 4500 473 4592 convenit,
514 4518 608 4589 quos
645 4501 776 4571 tamen
813 4499 875 4574 hio
913 4498 1021 4570 seriei
1047 4497 1312 4570 adverbmrum
