3516 5730
961 686 1023 750 112

505 921 646 993 Deinde
673 922 835 993 occurrit
866 921 1153 1014 „contrectare’'.
1194 921 1386 994 Obscoene
1411 922 1533 994 utitur

457 1069 642 1161 Apuleius
668 1070 755 1142 Met.
784 1069 888 1141 VIII.
906 1071 937 1141 7.
954 1071 994 1142 3:
1025 1071 1192 1164 „cunctis
1207 1073 1337 1142 tamen
1351 1071 1533 1142 mentitae

457 1217 608 1309 pietat-is
633 1216 763 1289 officiis
789 1217 958 1288 studium
985 1218 1273 1289 contrectandae
1291 1218 1460 1290 mulieris
1473 1218 1533 1289 ad-

456 1364 619 1455 hibere‚''
647 1365 746 1455 quod
771 1365 881 1455 petiit
906 1385 928 1436 a
952 1365 1086 1436 Plauto
1112 1333 1219 1436 Asin.
1247 1366 1336 1436 522:

463 1513 658 1606 „quotiens
685 1515 724 1584 te
749 1513 856 1584 votui
878 1513 1139 1604 Argyrippum
1165 1513 1286 1585 filium
1312 1513 1534 1586 Demaeneti

417 1657 419 1661 ’
458 1660 692 1750 Compellare
717 1663 783 1732 aut
809 1661 1040 1731 contrectare
1054 1660 1276 1750 conloquive
1290 1663 1356 1732 aut
1369 1661 1533 1734 contui.'’

458 1807 553 1880 conf.
580 1806 701 1879 Plaut.
728 1806 805 1878 Mil.
833 1807 922 1897 glor.
954 1807 1057 1899 1052,
1085 1807 1198 1880 Poen.
1225 1809 1308 1880 695.

507 1956 606 2026 Tum
634 1956 928 2048 „comprimere”
955 1955 1068 2046 Apul.
1095 1955 1183 2028 Met:
1210 1957 1258 2027 X.
1287 1957 1319 2027 5.
1349 1957 1388 2026 7:
1412 1956 1534 2050 „quod

459 2104 539 2194 ejus
565 2104 747 2195 probasne
772 2103 915 2174 libidini
942 2123 1016 2194 qua
1041 2123 1081 2175 se
1107 2105 1357 2194 comprimere
1376 2105 1536 2194 tempta·

460 2253 567 2323 verat
600 2251 784 2323 noluisset
818 2250 1097 2322 succumbere.''
1149 2250 1252 2324 Conf.
1278 2250 1399 2322 Plant.
1427 2251 1535 2322 Truc.

461 2399 549 2469 262:
569 2397 807 2491 „Comprime
821 2398 873 2470 sis
887 2398 1018 2470 iram.''
1037 2399 1145 2469 Truc.
1161 2399 1275 2470 Eram
1290 2375 1444 2488 quidem
1456 2399 1536 2470 her-

460 2546 515 2618 cle
547 2548 591 2618 tu
626 2565 720 2636 quae
754 2546 864 2618 solita
889 2566 940 2638 ee,
968 2546 1176 2637 comprime
1201 2546 1413 2638 impudens,
1442 2566 1536 2637 quae

460 2713 527 2784 per
535 2693 737 2764 ridiculum
750 2693 890 2764 rustico
905 2693 1041 2764 suades
1056 2692 1268 2784 stuprum.’'
1295 2693 1416 2788 Plant.
1429 2693 1535 2784 Epid.

464 2841 555 2912 540:
585 2840 717 2934 „Certo
743 2844 870 2912 east...
886 2862 999 2932 quam
1014 2842 1053 2912 in
1065 2841 1254 2933 Epidauro
1268 2842 1534 2933 pauperculam

461 2989 636 3061 memimi
662 2989 947 3081 comprimere.''

512 3134 784 3230 „imminuere”
806 3137 938 3208 eadem
956 3136 1109 3208 notione
1125 3138 1329 3228 usurpatur
1342 3155 1416 3226 qua
1432 3155 1535 3228 „con-

460 3285 669 3376 stuprare''.
692 3284 805 3375 Apul.
834 3283 951 3355 florid.
984 3283 1028 3354 14
1043 3302 1126 3374 pag.
1145 3283 1199 3355 16.
1215 3279 1256 3354 9:
1287 3283 1414 3376 „ducit
1428 3282 1536 3376 Cyni·

462 3453 528 3505 cus
554 3434 593 3505 in
618 3434 808 3524 porticum
834 3431 973 3503 ibidem
998 3431 1038 3502 in
1062 3430 1144 3502 loco
1160 3431 1294 3503 celebri
1312 3450 1440 3503 coram
1454 3431 1536 3502 luce

461 3581 669 3653 clarissima
693 3579 868 3652 accubuit
893 3598 1094 3669 coramque
1117 3579 1304 3668 virginem
1326 3578 1535 3650 imminuis-

462 3731 520 3800 set
545 3729 718 3818 paratam
743 3726 824 3817 pari
850 3726 1061 3797 constantia
1086 3726 1125 3796 ni
1151 3745 1181 3797 e.
1197 3745 1230 3816 q.
1246 3745 1274 3797 s.
1302 3725 1423 3797 Plaut.
1449 3725 1537 3798 Oist.

409 3844 411 3849 ¹
463 3875 551 3948 Oist.
579 3876 644 3947 88:
674 3893 817 3968 „neque
843 3873 1065 3965 pudicItiam
1091 3893 1218 3944 meam
1243 3873 1297 3944 mi
1324 3873 1419 3944 alius
1442 3873 1537 3963 quis-

464 4043 580 4115 quam
605 4022 833 4094 imminuit.'’

514 4170 761 4264 „subigitare”
789 4170 924 4260 legitur
949 4169 1063 4259 Apul.
1087 4167 1183 4259 apol.
1202 4168 1267 4239 87:
1300 4165 1538 4255 „Ourautem

461 4323 543 4391 iam
570 4319 742 4391 absurdis
767 4322 921 4408 tamque
946 4317 1168 4389 tabernariis
1193 4316 1385 4388 blanditiis
1406 4317 1540 4406 subigi-

462 4469 594 4558 tarem,
635 4485 748 4556 quem
773 4465 873 4537 idem
898 4465 1006 4536 aiunt
1030 4464 1202 4536 versibus
1228 4462 1421 4535 amatoriis
1448 4462 1540 4534 satis
