3516 5730
982 719 1024 780 96

518 951 704 1024 Notabilis
729 954 788 1024 est
809 953 924 1024 etiam
938 952 1031 1025 haec
1044 954 1285 1046 constructio,
1300 954 1408 1026 cuius
1421 974 1545 1027 exem-

468 1099 575 1190 plum
614 1102 765 1171 tantum
804 1099 1021 1172 invenimus
1051 1100 1150 1191 apud
1177 1100 1350 1174 Oomioos
1378 1121 1544 1195 „nequeo

469 1247 582 1337 quin’'
609 1247 711 1338 Apul
737 1247 833 1338 apol.
861 1248 919 1339 48,
947 1247 1084 1319 Florid.
1115 1248 1158 1320 17
1185 1268 1220 1339 p.
1249 1249 1305 1320 27.
1334 1250 1391 1321 25.
1420 1250 1542 1324 Plaut.

470 1393 545 1466 Mil.
572 1394 662 1483 glor.
693 1395 796 1466 1342.
824 1395 931 1481 (conf.
959 1396 1107 1468 Terent.
1135 1397 1226 1468 Heo.
1242 1398 1338 1484 385.)
1355 1398 1544 1491 „proinde-

470 1540 548 1632 ut,’'
575 1541 674 1631 quod
699 1541 835 1632 legitur
860 1543 960 1634 apud
986 1542 1193 1634 Apuleium
1227 1544 1314 1616 Met.
1343 1543 1389 1616 V.
1419 1545 1475 1616 11.
1503 1546 1542 1616 5:

475 1688 651 1780 „proinde
676 1691 720 1759 ut
746 1689 998 1762 maerebant.'’
1026 1689 1282 1763 11.11.8111.1;
1313 1691 1492 1784 „proinde
1504 1694 1546 1763 ut

471 1837 650 1926 majestas
684 1836 934 1927 postulabat.’'
969 1857 999 1909 c.
1037 1839 1092 1910 13.
1129 1841 1167 1909 et
1196 1857 1227 1909 c.
1255 1839 1312 1910 21.
1340 1839 1452 1930 Apol.
1478 1841 1543 1911 61;

474 1985 652 2078 „proinde
677 1987 720 2056 ut
745 1985 856 2057 loculi
882 1983 1168 2076 suppetebant.’'
1196 1985 1367 2058 Occurrit
1394 1988 1545 2058 tantum

472 2132 573 2223 apud
599 2132 773 2204 comicos
805 2133 926 2204 Plaut.
954 2133 1058 2224 Capi.
1087 2133 1177 2204 307:
1208 2133 1386 2226 „proinde
1411 2136 1455 2205 ut
1469 2134 1547 2226 ipse

472 2276 525 2350 fui
562 2280 768 2370 imperator
806 2279 1003 2352 familiae.'’
1046 2279 1151 2372 Oapt.
1179 2280 1261 2372 314,
1290 2280 1432 2372 Amph.
1465 2282 1546 2373 517,

474 2426 555 2500 Cas,
595 2428 652 2518 96,
693 2428 789 2499 Men.
829 2429 911 2519 958,
951 2429 1086 2500 Pseud.
1119 2429 1201 2521 679,
1229 2428 1329 2498 Trin.
1358 2429 1416 2499 65.
1444 2427 1546 2501 Conf.

474 2576 621 2648 Terent.
649 2576 739 2648 Heo.
768 2578 849 2669 218,
878 2577 995 2648 Andr.
1023 2576 1105 2648 408.

524 2725 771 2796 Pervenimus
797 2723 843 2795 ad
866 2722 1052 2838 adverbia,
1082 2742 1243 2814 quorum
1269 2723 1476 2794 cumulatio
1492 2722 1550 2794 vel

475 2871 678 2961 geminatio
704 2871 853 2961 utrique
875 2874 1092 2942 nostrorum
1115 2873 1314 2942 auctorum
1328 2870 1470 2942 usitata
1483 2873 1549 2942 est.

524 3019 607 3090 Duo
645 3018 822 3089 adverbia
859 3036 1078 3108 synonyma
1116 3036 1192 3088 una
1216 3016 1341 3107 posita
1365 3017 1552 3107 reperiun-

475 3167 537 3238 tur
562 3164 675 3256 Apul.
703 3165 790 3237 Met.
815 3164 842 3235 1.
858 3165 923 3235 22;
954 3164 1189 3257 ,111151111111
1202 3163 1548 3255 meopperimino.''

476 3313 611 3385 Florid.
650 3313 705 3405 18,
741 3332 823 3403 pag.
852 3313 909 3382 28.
940 3312 1002 3383 11;
1043 3311 1126 3404 „hic
1152 3311 1291 3382 ibidem
1317 3311 1442 3382 varias
1468 3310 1553 3382 eivi-

476 3463 575 3531 tates
608 3437 870 3531 substituere.”
910 3457 997 3529 Tale
1031 3458 1119 3549 quid
1153 3460 1331 3529 notamus
1365 3457 1405 3528 in
1430 3457 1554 3529 Plauti

479 3607 584 3698 Capi.
614 3607 726 3679 1000:
757 3606 853 3700 „illic
878 3607 928 3677 ibi
955 3606 1149 3677 demumst
1174 3605 1313 3677 locus''

527 3754 613 3826 Alia
639 3774 698 3826 res
724 3755 815 3826 haec
842 3757 917 3825 est:
945 3754 1166 3825 adverbium
1192 3753 1417 3844 explanatur
1443 3773 1552 3843 appo-

479 3904 614 3975 sitione
647 3903 813 3974 nominis
846 3902 927 3974 loci.
980 3901 1165 3992 Apuleius
1200 3901 1329 3974 scribit
1363 3899 1451 3971 Met.
1488 3899 1553 3971 71.

480 4053 513 4122 5.
541 4052 575 4144 8,
605 4051 703 4145 „illio
728 4051 767 4122 in
793 4051 906 4123 domo
932 4049 1102 4121 matris.''
1129 4049 1199 4137 Qui
1226 4067 1318 4119 usus
1344 4047 1377 4118 ei
1391 4046 1555 4137 frequen-

479 4199 651 4271 tissimus
685 4200 743 4269 est
776 4196 911 4269 confer.
939 4197 1026 4268 1111.
1054 4195 1120 4267 71.
1151 4196 1206 4266 12.
1234 4195 1291 4286 20,
1319 4192 1405 4265 711.
1435 4194 1467 4264 2.
1499 4193 1554 4284 17,

481 4346 588 4418 7111.
617 4346 672 4417 14.
700 4346 733 4437 4,
764 4345 819 4416 18.
850 4345 905 4435 10,
933 4344 990 4415 26.
1021 4343 1076 4434 15,
1104 4343 1153 4414 Χ.
1180 4343 1237 4413 26.
1266 4341 1324 4434 21,
1351 4340 1419 4412 XI.
1449 4340 1555 4431 621,
1589 4383 1593 4392 -

484 4495 539 4566 17.
570 4495 624 4565 16.
665 4493 800 4565 Florid.
829 4493 861 4584 6,
888 4511 970 4582 pag.
998 4492 1031 4562 6.
1060 4491 1093 4561 4.
1133 4489 1247 4580 Apud
1275 4489 1455 4561 Plautum
1478 4488 1557 4577 ejus
