3516 5730
740 689 801 752 121

232 927 390 1018 vigilans
416 927 666 1000 somniabar.”
693 927 815 999 Plaut.
844 926 951 1019 Oapt.
978 928 1071 1000 848:
1101 928 1196 1022 „Hic
1222 927 1311 1018 vigi-

232 1075 313 1147 lans
338 1075 539 1147 somniat.''

278 1223 418 1296 Lucius
451 1223 615 1296 mustela
647 1221 867 1314 consopitus
907 1221 1108 1314 „inanimis
1146 1226 1185 1295 et
1220 1223 1310 1295 indi-

232 1390 322 1460 gens
347 1370 420 1442 alio
447 1371 602 1442 custode
627 1388 748 1461 paene
773 1369 823 1440 ibi
846 1388 923 1440 non
937 1369 1052 1441 erat.''
1080 1370 1205 1461 (Apul.
1221 1370 1309 1444 Met.

232 1517 279 1588 Π.
315 1517 373 1590 25.
412 1518 456 1588 17
491 1521 569 1609 su),
597 1536 671 1607 qua
696 1536 785 1587 cum
810 1515 999 1588 locutione
1026 1536 1246 1608 comparare
1272 1517 1311 1589 li-

232 1671 290 1737 cet
314 1665 441 1737 locum
467 1665 688 1737 Plautinum
714 1662 804 1736 Oist.
833 1664 915 1755 209,
931 1664 1022 1736 210:
1052 1664 1311 1757 „itanubilam'

232 1815 400 1884 mentem
426 1812 543 1883 animi
567 1811 698 1903 habac,
724 1811 788 1883 ubi
814 1831 912 1903 sum,
940 1812 990 1883 ibi
1015 1831 1092 1884 nen
1118 1831 1216 1902 sum,
1245 1813 1309 1885 ubi

231 1980 305 2032 non
331 1979 418 2032 sum
444 1959 533 2031 ibist
557 1956 746 2031 animus.”

279 2109 341 2180 Ad
373 2107 651 2180 adhortandum
676 2107 841 2198 aliquem
867 2110 973 2178 metu
999 2110 1244 2180 cunctantem
1271 2111 1323 2180 et

232 2255 468 2328 dubitantem
501 2253 688 2345 Apuleius
721 2254 842 2325 utitur
875 2254 1008 2326 eadem
1041 2274 1115 2345 qua
1140 2254 1310 2347 Plautus,

230 2403 418 2476 locutione
446 2403 566 2496 „bono
592 2403 721 2476 animo
747 2399 824 2476 es’'
851 2402 965 2494 Apul.
994 2403 1082 2474 Met.
1098 2402 1184 2474 VH.
1204 2403 1260 2474 12.
1275 2403 1309 2474 2.

232 2550 352 2622 Plaut.
379 2549 521 2644 Amph.
549 2549 631 2642 671,
660 2548 750 2622 cist.
780 2549 836 2620 73.

284 2698 528 2770 Memoranda
552 2697 668 2768 etiam
694 2699 784 2768 sunt
809 2696 902 2770 haec
927 2697 1043 2768 verba
1063 2697 1201 2788 Apulei
1223 2698 1311 2770 Met.

233 2843 300 2916 Iil.
328 2845 385 2916 22.
413 2845 478 2916 29:
509 2843 618 2937 „Aim
645 2843 777 2935 inquit,
793 2843 1003 2934 Vulpinaris
1017 2844 1160 2916 amasio
1173 2865 1310 2936 meque

233 2994 366 3083 sponte
400 3010 550 3063 asceam
589 2991 761 3062 cruribus
786 2990 882 3062 meis
908 2989 1063 3062 inlidere
1088 2989 1308 3082 compellis’

232 3159 308 3211 non
354 3139 455 3229 quod
496 3138 654 3211 Plautus
696 3156 844 3228 queque
883 3137 1042 3210 eandem
1079 3138 1310 3211 locutionem

232 3289 399 3379 usurpet,
426 3287 491 3358 sed
513 3287 601 3376 quia
622 3289 752 3358 tamen
765 3285 881 3358 verba
894 3285 1070 3356 Plautina
1083 3286 1122 3356 in
1137 3289 1308 3358 nostram

232 3434 455 3506 memoriam
480 3435 671 3505 revocant.
718 3431 836 3522 quue
860 3452 961 3504 unus
987 3433 1145 3523 quisque
1171 3434 1307 3506 statim

232 3580 441 3672 perspiciet,
473 3581 505 3650 si
531 3579 814 3651 laudaverimus
840 3579 962 3651 Plaut.
990 3580 1068 3652 mil.
1095 3581 1186 3670 glor.
1213 3582 1307 3654 884:

235 3729 324 3822 „tibi
361 3728 450 3818 dixi,
491 3726 611 3816 miles,
653 3727 839 3816 quemad
865 3728 1023 3799 modum
1048 3727 1148 3832 potis
1174 3729 1224 3800 sit
1249 3730 1306 3801 de-

232 3873 399 3948 asciari.'’
450 3875 593 3946 Eadem
628 3875 731 3945 enim
765 3874 979 3946 ludificandi
1005 3876 1159 3948 notione
1185 3877 1309 3968 posita

233 4029 331 4096 sunt.

280 4169 380 4242 Huic
424 4170 604 4242 locutioni
651 4169 785 4241 addere
833 4187 1039 4260 possumus
1079 4170 1306 4263 „deridiculo
1462 4237 1463 4240 .

106 4325 108 4334 ’
233 4317 381 4389 haberi’
415 4316 529 4408 Apul.
552 4316 688 4388 Florid.
716 4336 799 4407 pag.
826 4317 859 4387 4.
887 4317 920 4388 4.
948 4315 1051 4389 Ocni.
1078 4317 1200 4389 Plaut.
1226 4318 1304 4390 mil.

232 4465 321 4555 glor.
348 4464 415 4536 92:
444 4463 499 4557 „is
524 4463 799 4535 deridiculest.”
