3590 5734
980 792 1022 899 2.

504 1023 602 1095 lllud
637 1026 805 1097 studium
843 1005 1080 1118 antiquitatis
1105 1028 1290 1119 Apuleius
1316 1030 1356 1100 in
1382 1031 1527 1100 univer-

454 1171 505 1242 sis
535 1172 615 1243 suis
640 1173 815 1263 operibus
841 1174 1016 1246 ostendit.
1067 1176 1273 1266 Apuleium
1300 1177 1401 1248 eninr
1427 1177 1527 1248 aliud

454 1337 549 1409 opus
574 1318 646 1390 alio
672 1339 806 1408 genere
832 1321 978 1392 dicendi
1004 1323 1209 1414 scripsisse,
1237 1343 1332 1414 quae
1357 1323 1428 1395 fuit
1454 1324 1528 1414 opi-

453 1466 517 1537 nio
552 1467 820 1539 nonnullorum
846 1468 1044 1540 doctorum
1070 1470 1241 1541 virorum
1267 1475 1322 1562 (¹),
1355 1471 1391 1578 id
1418 1471 1527 1542 credo

453 1614 580 1685 minus
605 1617 706 1686 recte
731 1615 777 1686 ab
800 1615 846 1686 iis
860 1616 1101 1688 observatum
1118 1637 1210 1710 esse,
1225 1618 1337 1709 idque
1350 1589 1466 1689 eiiam
1479 1638 1528 1690 ex

452 1759 523 1833 hoc
537 1759 660 1832 libello
674 1732 915 1853 perspicuum
930 1762 1007 1834 fore
1020 1783 1140 1854 spero.
1168 1763 1268 1835 Nam
1282 1765 1321 1834 in
1335 1784 1527 1836 enumera-

451 1886 554 1979 tione
591 1912 721 1980 nostra
757 1908 1028 1981 vocabulorum
1063 1910 1325 1982 Plautinorum
1352 1910 1527 2003 exempla

452 2074 498 2126 ex
527 2055 703 2127 omnibus
728 2055 866 2146 Apulei
893 2056 1043 2147 scriptis
1069 2057 1275 2128 maioribus
1293 2058 1525 2149 petitasunt‚

451 2222 573 2293 neque
599 2202 780 2294 opuscula
805 2202 1073 2295 philosophica,
1090 2223 1185 2294 quae
1199 2205 1351 2295 quidem
1366 2205 1411 2276 ab
1426 2206 1527 2298 Apu·

452 2346 524 2418 leio
550 2367 638 2419 vere
665 2348 832 2421 confecta
858 2369 940 2421 esse
965 2350 1064 2422 inter
1081 2370 1214 2422 ornnes
1229 2354 1387 2444 constat,
1403 2351 1527 2423 inhac

451 2495 748 2584 perscrutatione
774 2495 882 2567 nobis
908 2496 1056 2567 inutilia
1081 2499 1197 2569 eraut.
1225 2501 1235 2582 l
1259 2502 1280 2582 ).

499 2641 630 2732 Neque
663 2645 793 2715 tamen
818 2642 889 2714 hoc
915 2644 1100 2714 contendo
1128 2644 1168 2714 in
1195 2643 1375 2715 materiae
1403 2644 1527 2716 discri-

488 2862 640 2916 Erdmann
659 2862 704 2926 (de
723 2861 752 2914 L.
773 2861 878 2928 Apulei
896 2861 1096 2915 Madaurensis
1109 2860 1272 2916 elocutione
1292 2874 1387 2928 progr.
1407 2861 1527 2917 Stendal

453 2958 543 3026 1864),
570 2957 654 3012 cuius
679 2957 750 3011 mihi
775 2956 903 3011 libellum
923 2957 1065 3025 inspicere
1084 2971 1144 3011 non
1163 2957 1286 3026 contigit
1304 2964 1421 3026 (sequor
1439 2958 1528 3026 igitur

453 3053 728 3108 Kretschmannum
763 3067 790 3107 v.
819 3068 842 3107 c.
876 3053 911 3106 de
942 3051 1110 3106 Erdmanno
1135 3052 1278 3120 J'udicium
1306 3053 1430 3118 ferente)
1458 3068 1529 3109 suae

452 3149 651 3204 dissertationi
669 3148 758 3203 etiam
777 3148 902 3202 indicem
921 3147 1130 3203 vocabulorum
1150 3148 1354 3203 Plautiuorum
1373 3149 1485 3217 adjecit.

488 3245 710 3300 Kretschmann
739 3245 786 3309 (de
804 3244 950 3299 latinitate
969 3245 999 3299 L.
1018 3244 1124 3313 Apulei
1142 3245 1341 3300 Madaurensis
1360 3245 1527 3314 Regimonti

454 3343 533 3406 1866)
559 3357 623 3411 pag.
652 3343 684 3396 17
714 3342 826 3396 scribit:
854 3356 914 3395 non
933 3340 1095 3395 infitiamur
1113 3341 1194 3395 totos
1212 3340 1337 3396 refertos
1356 3356 1422 3396 esse
1440 3341 1528 3396 libros

453 3438 563 3494 veteris
582 3438 803 3493 consuetudinis
822 3438 942 3493 vocibus
960 3437 1252 3506 proprietatibusque.

489 3534 642 3590 Piechotta
661 3534 764 3600 (Curae
784 3533 972 3601 Apuleianae.
992 3533 1389 3601 Vratislaviae1882)pag.4:
1408 3533 1527 3588 inlibris

453 3630 559 3698 Apulei
575 3645 643 3686 vere
659 3629 754 3684 multa
769 3629 909 3684 vocabula
923 3628 1124 3698 inveniuntur,
1135 3644 1209 3696 quae
1219 3629 1432 3684 vetustissimis
1443 3630 1527 3698 scrip·

452 3727 565 3783 toribus
584 3728 694 3781 usitata
708 3727 743 3781 ab
762 3726 930 3781 auctoribus
949 3725 1076 3793 optimae
1094 3724 1248 3780 latinitatis
1268 3726 1490 3792 respuebantur.

489 3823 590 3878 Koziol
617 3823 685 3888 (Der
713 3823 767 3878 Stil
795 3823 847 3877 des
874 3822 904 3876 L.
933 3821 1077 3890 Apuleius
1096 3821 1181 3876 Wien
1202 3822 1281 3885 1872)
1299 3821 1329 3874 in
1349 3820 1527 3888 praefatione

453 3934 524 3974 suae
542 3919 771 3974 dissertationis:
790 3919 882 3974 durch
903 3919 960 3973 deu
980 3917 1133 3972 Gabrauch
1152 3917 1317 3985 poetischer
1334 3917 1394 3971 und
1405 3917 1527 3974 archais-

452 4014 563 4070 tischer
586 4015 688 4069 Worte
709 4015 768 4068 und
794 4014 999 4082 Wendungeu‚
1018 4012 1109 4067 durch
1125 4013 1527 4081 seltsanieWortstellungen

453 4127 481 4166 u.
501 4111 557 4179 dgl.
576 4111 680 4166 kitzelt
697 4112 748 4166 der
767 4113 862 4165 Autor
881 4111 938 4165 den
957 4109 1092 4190 Gaurneu
1111 4109 1163 4164 dar
1183 4109 1278 4164 Hbrer
1298 4110 1358 4163 und
1377 4109 1473 4164 Leser.

489 4206 521 4273 (¹)
540 4206 620 4262 Oonf.
640 4206 758 4262 Teuffel.
778 4207 860 4262 Rom.
872 4207 939 4260 Litt.
950 4205 1048 4273 gesch.
1059 4206 1103 4259 ed.
1114 4204 1288 4260 LSchwabe
1301 4219 1364 4273 pag.
1375 4205 1427 4260 664
1437 4207 1492 4260 suh
1502 4207 1527 4261 6.

489 4303 520 4367 (¹)
539 4301 620 4369 Quod
639 4301 748 4356 Ieltsch
770 4302 822 4364 (De
841 4301 948 4369 Apulei
967 4301 1089 4355 Floridis
1108 4300 1301 4355 Vratislaviae
1321 4301 1401 4369 1868)
1421 4302 1527 4357 demon

454 4397 560 4452 stravit
577 4398 612 4452 de
632 4397 698 4452 stilo
717 4398 899 4452 Floridorum
917 4412 985 4451 cum
1003 4395 1287 4464 Metamorphosibus
1306 4398 1482 4467 comparate,
1499 4397 1527 4451 id

452 4492 534 4548 facile
562 4495 592 4548 ot
619 4493 654 4548 de
683 4492 824 4561 Apologia
850 4494 881 4547 et
909 4493 943 4547 de
972 4493 1088 4560 scriptis
1107 4491 1314 4560 philosophicis
1333 4492 1528 4547 demonstrari

453 4603 540 4658 posse
559 4588 632 4644 mihi
650 4588 774 4644 videtur.
