3516 5730
750 725 792 788 89

284 959 470 1034 Notabilis
508 965 566 1034 est
603 982 696 1034 usus
734 965 1023 1055 praepositionis
1063 962 1202 1059 „aprici”
1241 985 1309 1057 pro

236 1105 327 1198 „od”
367 1108 535 1181 melioris
573 1112 717 1182 aetatis
769 1111 882 1202 Apul.
922 1111 1010 1184 Met.
1050 1113 1118 1184 lX.
1161 1113 1215 1185 10.
1243 1113 1308 1184 25:

237 1256 513 1347 „cantharoque
535 1261 573 1328 et
582 1259 664 1348 ipso
678 1259 891 1352 simulacro,
907 1261 1007 1350 quod
1020 1261 1195 1351 gerebam
1211 1261 1310 1351 apud

172 1491 174 1496 ι
232 1404 307 1474 fani
334 1403 533 1476 donarium
559 1405 714 1478 redditis
739 1426 783 1478 ac
806 1408 1044 1480 consecratis.
1071 1407 1192 1480 Plaut.
1208 1407 1309 1480 Pers,

233 1552 298 1622 22:
329 1551 404 1643 „fui
431 1552 682 1643 praeferratus
709 1554 808 1645 apud
835 1555 956 1626 molas
969 1555 1144 1627 tribunus
1158 1554 1309 1646 vapula-

232 1698 320 1771 ris.'’
347 1699 450 1772 Pers.
467 1700 556 1771 203:
587 1702 722 1794 „Apud
737 1702 834 1773 hanc
849 1702 992 1773 obicem
1008 1701 1176 1789 (Valla).”
1195 1703 1309 1794 Apul.

233 1847 321 1917 Met.
350 1847 435 1920 Vll.
466 1849 521 1920 16.
552 1848 606 1920 10.

282 1995 395 2067 Haud
433 1995 561 2067 minus
599 1996 743 2068 alienus
783 1998 829 2069 ab
868 1997 1034 2070 melioris
1071 1997 1207 2069 aetatis
1240 1997 1310 2068 elo-

234 2143 385 2215 cutione
410 2145 468 2215 est
493 2144 598 2216 locus
624 2144 859 2236 Apuleianus
885 2145 972 2216 Met.
1000 2144 1028 2216 l.
1057 2145 1113 2216 al.
1138 2144 1175 2215 l:
1206 2163 1311 2237 „con-

233 2292 428 2385 discipulis
453 2292 553 2383 apud
579 2293 752 2365 Athenas
777 2292 927 2364 Atticas
953 2289 1083 2363 meis.''
1109 2291 1217 2363 Hanc
1232 2310 1309 2382 pre·

232 2441 432 2533 positionis
475 2437 613 2534 „apud”
649 2441 877 2531 positionem
911 2460 979 2532 pro
1005 2441 1185 2512 Locativo
1210 2458 1310 2531 repe-

237 2591 359 2662 rimus
392 2589 513 2660 Plaut.
553 2589 659 2680 Epid.
695 2589 759 2660 53:
802 2589 861 2682 „id
899 2589 1014 2660 adeo
1040 2590 1240 2677 argentum
1265 2586 1312 2658 ab

233 2737 382 2808 danista
398 2736 498 2827 apud
512 2736 659 2808 Thebas
672 2737 838 2828 sumpsit
852 2736 1000 2808 faenore
1015 2733 1036 2763 ’²
1065 2735 1186 2807 Plaut.
1202 2735 1309 2806 Asin.

233 2886 305 2957 606
334 2883 456 2978 „apud
482 2885 622 2957 Orcum
646 2887 686 2956 te
711 2884 882 2955 videbo.'’

282 3031 322 3103 ob
339 3034 577 3125 praepositio,
594 3053 688 3123 quae
703 3031 973 3121 significatione
987 3031 1095 3103 locali
1109 3031 1208 3123 apud
1221 3031 1311 3103 clas-

233 3183 341 3273 sicos
381 3181 445 3271 qui
484 3182 668 3252 vocantur
705 3179 907 3270 scriptores
945 3179 1071 3251 verbis
1096 3179 1311 3269 quiescendi

233 3331 324 3403 solis
357 3328 598 3418 subjungitur
635 3330 673 3398 et
707 3327 841 3419 priscis
866 3327 1102 3417 temporibus
1129 3330 1167 3399 et
1192 3328 1312 3417 poste-

233 3479 330 3551 riore
369 3478 491 3548 aetate
530 3475 645 3546 etiam
685 3493 772 3544 cum
807 3473 932 3545 verbis
970 3474 1107 3563 quibus
1131 3474 1311 3546 movendi

233 3625 338 3696 notio
376 3623 484 3714 inest,
525 3624 740 3713 usurpatur.
794 3621 905 3711 Apul.
945 3620 1032 3692 Met.
1074 3621 1121 3692 ll.
1159 3621 1215 3692 32.
1247 3622 1309 3692 19:

237 3772 385 3868 „digitis
424 3771 563 3862 pedum
590 3769 760 3840 detunsis
786 3769 833 3839 ob
858 3767 1034 3858 lapides.’'
1062 3768 1206 3840 .Plaut.
1233 3768 1308 3840 Mil.

233 3922 324 4011 glor.
343 3920 429 3991 148:
448 3918 710 4011 „glaucumam
727 3917 773 3988 ob
788 3916 915 3988 oculos
930 3914 1171 4008 obiciemus”
1199 3917 1309 3989 Mero.

234 4069 326 4140 924:
358 4067 427 4160 „ob
453 4066 581 4137 oculos
607 4064 839 4136 adduxerit.”
868 4064 1000 4134 Novus
1021 4067 1080 4134 est
1092 4064 1197 4136 locus
1210 4065 1311 4155 Apu-

233 4214 378 4286 leianus
396 4212 501 4284 Vlll.
521 4214 575 4284 15.
592 4214 632 4283 5:
651 4212 720 4304 „ob
735 4212 806 4282 iter
819 4209 944 4282 illud.’'
960 4211 1075 4302 Cujus
1088 4212 1309 4303 exemplum

234 4365 291 4434 est
324 4365 362 4433 et
388 4360 511 4432 Plauti
538 4362 576 4431 et
601 4360 763 4430 aliorum
790 4359 904 4430 etiam
930 4359 1132 4431 meliorum
1158 4360 1309 4451 scripto-

233 4529 320 4581 rum
346 4507 505 4580 elocutio
530 4507 599 4600 „ob
619 4507 754 4578 viam.''
774 4506 894 4579 Plaut.
911 4507 1045 4578 Pseud.
1064 4507 1168 4598 1061,
1184 4526 1312 4597 quam·
