3516 5730
739 634 800 698 137

705 845 830 912 XVIII.

269 1007 348 1062 θοή.
367 1005 434 1062 Rus.
453 1006 508 1062 111.
527 1005 553 1063 3.
574 1007 625 1062 13:

269 1129 451 1197 Sequebatur
479 1129 551 1186 haec
570 1129 721 1198 equitatus
739 1129 891 1184 duodecim
912 1129 1046 1197 gentium
1066 1129 1154 1184 variis
1173 1129 1263 1184 ermis
1283 1131 1314 1184 et

235 1249 371 1305 moribus.

269 1384 328 1425 non
348 1369 513 1441 „moribus”
532 1371 584 1426 eed
604 1369 789 1442 „decoribus”
810 1369 1005 1426 scribendum.

721 1551 818 1618 XIX.

268 1716 348 1772 Gurt.
367 1715 434 1772 Rus.
453 1715 504 1772 IV.
524 1717 566 1772 14.
586 1717 617 1772 4:

268 1838 448 1906 intempesta
476 1837 563 1894 nocte
592 1837 715 1907 opprimi
744 1852 831 1906 posse
859 1838 963 1894 hostes
991 1837 1139 1894 discordes
1167 1839 1297 1894 moribus

233 1959 340 2029 linguis
359 1960 470 2016 adhoc
490 1974 595 2016 somno
614 1962 645 2016 et
664 1960 822 2028 improviso
841 1961 970 2029 periculo
989 1961 1117 2016 territos,

269 2079 472 2147 Supplendum
491 2080 559 2148 post
578 2080 735 2151 „eomn0”:
759 2080 914 2152 „sopitos”.

728 2265 809 2330 XX.

270 2450 324 2506 Cic.
343 2465 404 2522 pro.
423 2450 508 2507 Roso.
527 2449 607 2508 Oom.
627 2453 652 2507 4.
672 2451 723 2506 10:

270 2571 324 2628 Hic
342 2574 377 2628 tu
398 2571 567 2640 etamplius
587 2571 637 2628 HS
657 2585 780 2628 nummo
800 2571 909 2642 petisti,
928 2585 1017 2640 quem
1037 2571 1089 2628 tibi
1107 2571 1239 2628 debItum
1257 2573 1313 2642 est,

234 2707 352 2748 causam
372 2693 532 2762 perdidisti.

270 2813 337 2870 Dolo
357 2815 502 2871 emblema
520 2813 579 2871 HS.

721 2963 818 3029 XXI.

271 3098 351 3156 suot.
370 3099 429 3156 Tib.
449 3100 483 3155 3:

272 3220 316 3275 Ex
334 3221 388 3276 hec
403 3220 495 3289 stirpe
510 3221 641 3277 Tiberius
650 3221 757 3278 caesar
765 3237 860 3291 genus
869 3223 961 3278 trahit
971 3223 1002 3278 et
1011 3224 1128 3291 quidem
1139 3224 1309 3292 utrumque.

271 3341 475 3398 Scribendum:
495 3341 686 3413 „utrimque”.

715 3515 827 3579 XXII.

271 3651 357 3706 Hom.
376 3651 409 3706 Il.
429 3651 482 3706 IX.
502 3651 567 3706 165:

270 3771 339 3824 ἀλλ’
361 3772 435 3842 ἄγετε
453 3770 566 3842 κλητοὺς
584 3771 725 3840 ὀτρύνομεν

269 3893 445 3948 mutandum
464 3894 496 3948 in
515 3893 585 3964 „dl-2²
606 3893 690 3962 ἄγετ’
711 3892 876 3952 ἕκλεκτούς.“’

706 4065 836 4130 XXIII.

269 4201 375 4257 Herod.
394 4201 460 4258 VII.
478 4203 527 4258 22:
574 4225 577 4230 ·

234 4325 249 4375 ὁ
270 4322 318 4392 γὰρ
331 4324 418 4382 Ἄθως
436 4323 502 4377 ἐστὶν
520 4322 597 4391 οὖρος
615 4324 682 4392 μέγα
701 4343 727 4376 τε
746 4323 791 4377 καὶ
809 4324 960 4391 ὀνομαστόν,
984 4324 1010 4383 ἐς
1031 4325 1166 4378 θάλασσαν
1184 4331 1309 4392 κατῆκον,

233 4443 371 4512 ὀικημὲνον
394 4444 454 4499 ὑπ’
476 4444 635 4512 ἀνθρώπων.
