3516 5730
972 707 1015 772 90

458 963 573 1034 quam
607 943 711 1015 notio
745 943 816 1014 loci
850 942 1062 1034 Apuleiani,
1101 941 1165 1014 ubi
1200 943 1427 1034 praepositio
1465 963 1533 1035 pro

460 1091 612 1184 „juxta”
640 1062 726 1184 stat,
753 1092 922 1164 inaudita
946 1095 1014 1163 est.

506 1239 738 1330 Praepositio
765 1244 844 1308 cate
870 1239 1151 1310 Kretschmann
1177 1257 1259 1329 pag.
1281 1239 1350 1309 115
1364 1237 1412 1309 l.l.
1428 1257 1531 1310 mon-

457 1389 611 1478 strante,
647 1405 733 1458 cum
768 1387 1009 1477 superlativis
1043 1387 1165 1458 rarius
1199 1386 1449 1477 conjungitur,
1485 1405 1534 1458 cx

444 1505 618 1624 ¹Apuleio
644 1534 772 1605 laudat
797 1535 884 1606 Met.
912 1533 979 1606 IX.
999 1536 1053 1606 14.
1069 1536 1134 1606 22:
1161 1538 1270 1628 „ante
1284 1537 1440 1606 cunctas
1454 1553 1533 1604 mn-

455 1680 564 1752 lieres
602 1681 711 1771 longe
749 1679 1026 1754 deterrimam.''
1069 1681 1199 1753 Talem
1238 1681 1425 1753 rationem
1452 1681 1533 1751 vim

456 1827 677 1899 elocutionis
711 1828 870 1919 augendi
907 1828 1173 1900 cumulandive
1208 1829 1301 1900 satis
1326 1831 1459 1900 notam
1485 1847 1534 1900 cx

454 1975 609 2047 comicis
633 1976 777 2047 Latinis
791 1976 900 2047 credo
915 1976 1029 2047 etiam
1042 1974 1248 2066 Apuleium
1263 1975 1348 2047 inde
1362 1975 1527 2066 petiisse.

456 2121 558 2194 Ocni.
593 2122 713 2193 Plaut.
749 2121 855 2194 Asin.
882 2124 972 2194 857:
1014 2123 1130 2216 „scito
1156 2121 1263 2193 illum
1290 2124 1377 2194 ante
1403 2122 1528 2194 omnis

457 2270 620 2341 minnmi
647 2270 846 2342 mortalem
868 2271 998 2362 preti.”
1026 2270 1085 2341 Ita
1101 2291 1134 2341 v.
1150 2270 1184 2341 d.
1201 2270 1304 2342 Vliet
1316 2269 1429 2361 Apul.
1445 2271 1531 2342 Met.

457 2417 541 2489 Vll.
572 2419 626 2488 17.
656 2419 702 2490 20
723 2419 1040 2510 praepositionem
1058 2418 1186 2512 „prae”
1201 2418 1369 2490 inseruit.
1398 2418 1534 2490 Scribit

459 2584 570 2659 „prae
595 2564 771 2637 omnibus
797 2565 858 2637 ille
883 2565 1033 2657 quidem
1062 2565 1321 2636 deterrimus.’'

505 2735 588 2806 erpa
626 2714 726 2804 apud
759 2713 966 2804 Apuleium
1001 2713 1228 2805 praepositio
1263 2716 1321 2784 est
1352 2713 1531 2803 significa·

456 2862 558 2933 tione
583 2861 691 2933 locali
716 2861 885 2953 praedita
910 2861 944 2932 d.
968 2861 1001 2932 d.
1017 2861 1112 2932 Plat.
1128 2861 1156 2932 Ι.
1175 2862 1237 2933 13:
1268 2880 1378 2955 „erga
1390 2861 1532 2951 regiam

457 3009 591 3099 capitis
617 3009 881 3080 constitutus.’'
908 3007 1194 3099 Comparandns
1219 3012 1277 3080 est
1302 3009 1407 3081 locus
1428 3009 1533 3081 Plau-

455 3157 560 3228 tinus
585 3156 692 3227 Truc.
720 3156 809 3227 loc:
838 3159 1010 3248 „nostras
1036 3177 1123 3247 erga
1150 3158 1281 3230 aedcs”
1309 3156 1460 3250 (verum
1477 3161 1534 3230 est

457 3303 559 3374 hunc
595 3304 722 3375 locum
761 3304 983 3395 corruptelis
1021 3305 1198 3397 laborare,
1238 3305 1370 3396 putavi
1404 3310 1534 3379 tamen

457 3470 504 3521 ne
542 3450 579 3521 id
617 3451 769 3540 quidem
804 3452 1048 3544 reticendum,
1096 3455 1139 3524 ut
1173 3453 1318 3524 notioni
1354 3453 1533 3543 singulari

457 3598 571 3669 huius
596 3599 884 3689 praepositionis
911 3599 1074 3689 quodam
1098 3600 1210 3671 modo
1233 3601 1300 3671 lux
1314 3600 1532 3687 afferretur.)

506 3745 597 3814 inter
622 3745 849 3836 praepositio
875 3747 1019 3818 auctior
1040 3747 1161 3819 forma
1174 3753 1231 3820 est
1245 3751 1533 3841 praepositionis

460 3893 531 3986 „aa
558 3913 652 3982 quae
678 3893 832 3983 antiqua
857 3894 961 3966 notio
987 3900 1160 3967 servatur
1185 3897 1306 3969 Plaut.
1336 3897 1425 3971 Oist.
1442 3901 1531 3972 505:

458 4040 579 4132 „inter
604 4060 745 4112 novam
771 4061 851 4112 rem
879 4043 1038 4114 verbnm
1064 4045 1254 4135 usurpabo
1280 4047 1429 4118 vetus.”
1474 4047 1533 4119 Ita

457 4188 562 4259 locus
589 4187 832 4280 Apuleianus
861 4189 924 4279 qni
951 4189 1086 4280 legitur
1109 4192 1195 4263 Met.
1212 4192 1277 4264 Vl.
1294 4194 1326 4264 3.
1343 4194 1408 4265 23:
1438 4196 1531 4287 „iter

457 4338 664 4408 retrorsum
690 4337 885 4427 porrigens
910 4337 1008 4409 inter
1033 4339 1199 4410 subsitae
1213 4341 1394 4413 convallis
1409 4343 1530 4414 sublu-

458 4484 585 4557 cidum
611 4484 776 4578 lucum,’'
804 4485 997 4576 explanari
1023 4490 1158 4578 potest.
