3590 5734
577 1429 741 1503 CAPUT
768 1426 1002 1500 TERTIUM.

278 1648 308 1705 1⁰.
348 1648 474 1702 Formae
500 1645 719 1712 etymologicaa
741 1659 760 1699 a
781 1643 959 1711 scriptorum
980 1645 1114 1711 optimae
1135 1643 1299 1699 Latinitatis

321 1768 427 1823 tonnis
448 1768 656 1832 discrepantes
675 1778 745 1819 cunr
767 1763 871 1819 Plauto
889 1767 953 1819 tum
973 1763 1099 1831 Apuleio
1119 1765 1254 1822 usitatae.

718 1962 876 1972 -——-——-—

301 2171 479 2243 Ordimur
500 2190 522 2241 a
548 2167 808 2261 substantiva,
836 2169 971 2259 quibus
996 2169 1035 2240 iu
1061 2170 1326 2242 enumerandis

252 2317 476 2408 videbImuS‚
492 2335 534 2388 ea
547 2316 738 2407 trIpartito
752 2315 953 2388 dividenda
966 2336 1057 2407 esse,
1074 2336 1168 2407 quae
1181 2337 1325 2411 genere,

252 2484 347 2556 quae
372 2482 542 2555 numero,
569 2482 664 2553 quae
690 2462 938 2535 declinatione
963 2463 1010 2535 ab
1032 2463 1182 2536 uSItatis
1195 2464 1327 2539 formis

251 2613 401 2684 diversa
425 2614 525 2682 sunt.
576 2610 769 2701 Perpauca
794 2612 894 2702 sunt,
924 2630 1018 2701 quae
1044 2610 1176 2684 afferre
1198 2633 1326 2703 possu-

252 2779 350 2852 muS‚
377 2761 547 2830 attamen
572 2776 647 2829 non
676 2776 696 2828 e
721 2775 761 2828 re
786 2756 865 2828 tore
890 2757 1041 2829 videtur
1065 2758 1125 2831 his
1151 2759 1196 2831 de
1222 2780 1327 2833 voca·

252 2906 351 2978 bulis
375 2909 510 2977 tacere.

300 3053 520 3144 Videamus,
548 3071 643 3143 quae
669 3050 746 3122 siut
772 3050 1011 3122 substantiva
1036 3070 1171 3141 genere
1196 3054 1328 3129 discre-

250 3201 392 3292 pantia,
419 3200 555 3292 quibus
582 3200 739 3289 uterque
764 3201 893 3270 noster
919 3217 1011 3270 usus
1037 3201 1105 3270 est.

300 3347 486 3440 Apuleius
522 3347 600 3419 Met
637 3345 742 3417 VIII.
783 3346 839 3417 28.
883 3345 939 3438 18,
975 3346 1105 3418 scribit
1132 3347 1326 3441 „lactem”.

255 3496 363 3568 Hanc
389 3494 551 3566 formam
577 3494 624 3565 ad
649 3493 929 3566 nominativum
958 3493 1104 3583 genens
1130 3495 1328 3568 masculini

254 3642 486 3715 referendam
514 3660 596 3713 esse
621 3660 734 3712 nemo
760 3642 819 3712 est
844 3641 935 3731 quin
957 3640 1063 3713 facile
1085 3646 1224 3716 cernat.
1265 3643 1329 3719 do-

254 3789 354 3862 dices
393 3793 522 3860 autem
560 3788 725 3859 Plautini
763 3787 915 3859 BetD
954 3788 1001 3859 ad
1039 3809 1193 3862 versum
1235 3790 1328 3863 1134

253 3937 485 4009 Bacchidum
512 3937 670 4008 eandem
695 3936 809 4008 huius
836 3936 1008 4009 vocabuli
1021 3939 1328 4012 terminationem

252 4084 444 4176 praebent.
496 4083 759 4156 Ciceromanae
785 4084 920 4155 aetatis
945 4103 1038 4155 usus
1066 4084 1169 4178 „lac”
1201 4087 1327 4159 tradit.

254 4231 525 4305 Nomiuativus
557 4229 698 4325 „labia”
727 4249 911 4322 casusque
937 4232 983 4302 ab
1010 4251 1053 4304 eo
1080 4232 1193 4326 ducti,
1220 4235 1328 4308 nobis

253 4381 456 4452 occurrunt
481 4379 520 4450 in
546 4379 683 4470 Apulei
710 4379 796 4451 Met.
824 4379 871 4451 II.
899 4380 955 4452 24.
984 4381 1038 4473 12,
1062 4381 1128 4453 III.
1145 4383 1201 4454 24.
1220 4384 1274 4456 10.
1291 4388 1328 4456 et

255 4528 312 4598 25.
342 4527 397 4619 17,
425 4526 473 4598 X.
504 4526 558 4597 16.
589 4526 645 4597 12.
672 4528 709 4598 et
736 4526 793 4598 22.
824 4526 878 4598 17.
907 4527 1082 4600 Paullum
1108 4533 1260 4602 tantum
1282 4533 1328 4604 ab
