3516 5730
986 715 1028 778 94

469 955 512 1024 ut
537 953 583 1024 ad
610 953 758 1024 diversa
779 971 915 1041 genera
936 951 1053 1040 redigi
1075 951 1232 1042 possint,
1256 951 1295 1021 in
1313 971 1434 1022 unum
1449 950 1544 1022 colii-

472 1120 615 1190 gemus.

520 1248 564 1320 In
598 1247 759 1339 Apuleio
786 1248 995 1338 reperimus
1021 1266 1089 1338 pro
1116 1247 1346 1318 Accusativo
1373 1265 1463 1316 oum
1490 1245 1545 1316 In·

471 1395 616 1466 finitivo
642 1399 729 1486 post
755 1396 869 1468 verba
883 1395 1067 1467 sentiendi
1081 1397 1119 1466 et
1133 1394 1344 1466 declarandi
1358 1396 1545 1465 construo-

469 1544 614 1615 tionem
640 1563 728 1614 oum
754 1543 1016 1634 conjunctione
1045 1541 1187 1635 „quod”
1215 1561 1297 1613 esse
1311 1543 1545 1631 usurpatam.

473 1690 568 1762 Vide
594 1690 704 1781 Apol.
733 1691 796 1761 79:
826 1691 958 1784 „oredo
984 1710 1095 1782 nunc,
1123 1691 1223 1780 quod
1247 1690 1462 1762 Pudentilla
1487 1708 1548 1760 me

472 1837 511 1908 in
549 1857 592 1909 eo
629 1841 800 1928 tempore
838 1857 914 1909 non
939 1836 1126 1909 amabat.''
1174 1838 1305 1910 Unum
1339 1858 1547 1928 paucorum

473 1984 735 2075 exemptorum
771 1986 852 2075 eJ'us
878 1986 1034 2057 rationis
1061 1986 1207 2056 dicendi
1233 1987 1272 2056 in
1298 1987 1548 2059 anterioribus

473 2132 719 2223 scriptoribus
745 2132 880 2222 legitur
906 2133 1025 2204 Plaut.
1054 2134 1160 2205 Asin.
1178 2134 1243 2205 52:
1262 2135 1460 2228 „equidem
1474 2137 1550 2207 scio

469 2281 565 2372 jam,
588 2280 689 2381 iilius
715 2280 813 2370 quod
842 2284 944 2352 amet
969 2281 1112 2353 meus,”

524 2428 709 2519 Apuleius
758 2428 797 2499 in
835 2429 944 2519 Apol.
989 2430 1043 2500 17.
1096 2431 1402 2520 conjunctionem
1445 2453 1550 2523 „quo-

475 2576 601 2648 niam”
629 2577 683 2647 ita
707 2577 836 2668 utitur,
863 2580 906 2647 ut
920 2596 1033 2648 aurea
1046 2580 1169 2650 aetate
1185 2578 1433 2669 „postquam”
1449 2599 1550 2650 usur-

475 2725 556 2816 pari
578 2724 739 2816 soiebat3
764 2725 910 2796 scribit:
944 2725 1142 2815 „quoniam
1157 2725 1551 2817 adviHampubiioam

476 2872 665 2944 venerat.”
694 2872 796 2944 Usus
821 2874 879 2943 est
904 2872 1101 2943 Plautinus
1127 2873 1213 2944 vide
1238 2873 1345 2944 Asin.
1367 2874 1447 2964 711,
1464 2873 1549 2945 Aut.

477 3019 569 3111 proi.
597 3020 631 3112 9,
660 3018 749 3092 Gist.
780 3019 859 3111 164,
887 3018 999 3090 Poen.
1027 3020 1109 3090 665.

527 3168 640 3259 Apud
679 3167 964 3258 antiquissimos
1002 3167 1203 3257 scriptores
1242 3187 1306 3238 eae
1332 3169 1550 3260 sententiae,

478 3336 572 3407 quae
600 3315 757 3386 modum
784 3314 999 3404 optativum
1025 3313 1175 3404 habent,
1216 3314 1406 3419 interdum
1434 3315 1552 3406 auspi-

479 3466 611 3535 cantur
636 3462 898 3553 conjunctione
928 3461 1027 3554 ⁷‚ut’'.
1063 3460 1183 3533 Plaut.
1212 3461 1316 3552 Oapt.
1349 3461 1436 3532 115:
1468 3461 1552 3555 „sed

460 3612 535 3683 uti
549 3611 795 3683 adserventur
809 3630 946 3700 inagna
960 3606 1174 3699 diligentia’'
1188 3610 1289 3681 Pers.
1308 3609 1396 3681 786:
1419 3629 1553 3702 „quem

479 3758 542 3850 poi
577 3777 644 3848 ego
678 3759 721 3828 ut
754 3776 830 3827 non
858 3757 897 3827 in
922 3756 1132 3827 cruciatum
1159 3759 1271 3846 atque
1298 3756 1337 3826 in
1363 3755 1554 3846 compedis

481 3904 648 3996 coganr.''
688 3903 793 3990 (conf.
822 3904 901 3974 Ter.
930 3903 1001 3974 Ad.
1030 3904 1123 3990 280).
1175 3903 1280 3992 Quod
1307 3904 1345 3974 et
1370 3902 1555 3992 Apuleius

481 4052 653 4124 imitatus
679 4051 800 4123 estin
825 4051 1032 4141 Apologiae
1058 4050 1146 4140 Cap.
1174 4050 1239 4120 46:
1270 4049 1357 4143 „sed
1371 4048 1466 4119 nihii
1480 4069 1553 4120 arn-

480 4199 580 4290 plius
605 4199 706 4270 dico:
734 4201 777 4269 ut
802 4198 1045 4289 producant.''

533 4346 578 4439 „J
583 4346 693 4417 ubere
716 4344 781 4416 ut''
809 4366 858 4416 ex
884 4345 1030 4435 vulgari
1046 4345 1213 4416 oratione
1227 4342 1471 4434 desumptum
1487 4344 1553 4413 est.

483 4492 710 4582 Saepissime
744 4492 877 4562 comici
903 4510 988 4562 eam
1014 4490 1333 4561 constructionem
1360 4491 1553 4580 usurpant.
