3516 5730
696 677 758 742 127

202 919 315 1010 „arioli
350 937 485 990 vocem
519 917 679 990 audiunt
704 935 979 1007 saepenumero
1005 915 1158 987 auribus
1184 913 1263 986 suis

199 1063 432 1158 usurpatam’'
472 1065 506 1136 d.
546 1065 581 1136 d.
621 1063 721 1136 Socr.
761 1063 798 1134 l:
842 1082 959 1156 „quos
994 1063 1148 1153 quidem
1174 1062 1264 1134 deos

199 1215 338 1286 coelites
363 1213 503 1305 partim
531 1212 617 1283 visu
639 1211 903 1301 usurpamus.’'
930 1209 1154 1281 PlautTrin.
1171 1210 1262 1281 846:

200 1381 303 1454 „quas
328 1380 410 1450 ega·
424 1378 546 1449 neque
571 1356 690 1430 oculis
712 1377 782 1428 nec
806 1357 1146 1448 pedibusunquam
1160 1376 1264 1428 usur-

199 1507 274 1598 pavi
300 1506 430 1579 meis.'’

242 1653 418 1746 „objicere
444 1653 491 1724 ob
513 1651 577 1723 os'’
593 1651 706 1742 Apul.
722 1652 818 1742 apol.
834 1653 892 1743 89,
917 1651 1038 1723 Plaut.
1055 1651 1164 1725 Most.
1180 1651 1262 1724 618.

239 1799 420 1891 Apuleius
454 1817 566 1904 saepe
601 1800 639 1869 et
672 1798 821 1870 diverso
852 1818 965 1871 sensu
992 1801 1152 1872 verbum
1178 1799 1265 1871 veli·

198 1948 290 2018 tandi
321 1946 532 2038 usurpavit,
569 1945 640 2017 hoc
665 1950 796 2017 tamen
822 1946 966 2038 eodem,
994 1966 1068 2038 quo
1094 1947 1263 2019 Plautus.

199 2095 299 2186 Apul.
339 2095 436 2186 apol.
476 2095 517 2164 2:
563 2092 773 2186 „pollicitus
811 2093 864 2165 ita
901 2093 1090 2165 facturum
1127 2115 1174 2166 ne
1212 2095 1266 2167 sic

200 2244 341 2333 quidem
370 2243 498 2334 quitus
525 2244 593 2333 est,
621 2243 663 2312 ut
690 2240 862 2312 cominus
888 2243 1015 2330 ageret
1037 2241 1186 2331 percelli
1200 2241 1265 2313 sed

200 2392 233 2460 et
264 2391 465 2462 adversum
500 2392 539 2461 te
572 2389 848 2460 contumaciter
882 2389 1031 2461 eminus
1067 2388 1266 2460 calumniis

200 2537 403 2610 velitatur.’'
443 2536 565 2608 Plaut.
593 2537 689 2607 Men.
719 2536 809 2607 778:
851 2536 1090 2629 „nescioquid
1116 2556 1186 2608 vos
1207 2556 1266 2608 ve-

199 2682 285 2756 litati
310 2685 402 2757 estis
428 2685 525 2756 inter
551 2680 656 2755 vos.’'

242 2830 350 2921 Apul.
378 2830 473 2922 apol.
502 2831 544 2901 6:

313 2977 418 3072 „Misi
447 2979 490 3047 ut
516 2976 684 3067 petivisti
711 2976 949 3048 mundicinas
976 2977 1146 3048 dentium

310 3273 443 3365 Nequa
470 3273 616 3344 visatur
643 3275 741 3343 tetra
767 3271 869 3343 labes
896 3272 1076 3364 sordium,

311 3420 496 3492 restrictis
521 3419 627 3511 forte,
655 3419 687 3490 si
713 3418 857 3490 labellis
883 3416 1045 3490 riseris”

243 3565 340 3639 Oonf.
367 3568 487 3640 Plaut.
516 3567 621 3659 Capt.
648 3568 720 3639 485
747 3567 815 3657 Sq:

246 3735 310 3806 „ne
340 3734 473 3787 canem
500 3715 653 3805 quidam
680 3715 867 3785 irritatam
895 3713 1016 3784 voluit
1042 3712 1243 3803 quisquam

289 3863 471 3935 imitarier

244 4010 385 4103 saltem,
423 4011 454 4082 si
480 4030 556 4082 non
582 4011 798 4102 arriderent,
840 4010 971 4082 dentes
998 4011 1041 4080 ut
1066 4008 1219 4080 restrin-

290 4158 454 4248 gerent.'’

248 4322 404 4393 „cornua
442 4308 589 4378 vertere
627 4306 666 4377 in
705 4305 891 4396 aliquem’
933 4305 1047 4395 Apul.
1076 4303 1171 4395 apol.
1199 4303 1267 4375 81:

207 4456 387 4538 „superest
412 4473 455 4525 ea
480 4473 568 4544 pars
593 4453 787 4545 epistulae,
814 4473 909 4544 quae
935 4452 1109 4523 similiter
1123 4470 1191 4542 pro
1206 4469 1269 4521 me
