3516 5730
944 733 986 795 84

431 989 544 1059 quem
578 968 705 1040 Cicero
739 972 892 1039 tantum
927 988 1015 1039 cum
1047 969 1162 1041 verbo
1188 970 1374 1060 pendendi
1400 991 1504 1042 usur-

429 1120 505 1208 pat,
533 1118 569 1188 in
596 1116 730 1188 Plauto
757 1136 845 1187 cum
872 1115 992 1186 multu
1014 1114 1185 1205 pluribus
1199 1117 1323 1188 verbis
1336 1118 1504 1207 iungitur

430 1266 538 1355 cujus
584 1262 758 1353 exemplo
803 1263 920 1333 fretus
958 1262 1143 1352 Apuleius
1181 1265 1341 1335 scribere
1380 1266 1503 1358 aridei,

430 1412 517 1483 Met.
546 1411 593 1482 ΙΙ.
625 1411 679 1482 11.
709 1412 748 1481 7;
778 1411 992 1503 „recreabar
1019 1411 1158 1481 animi'
1186 1412 1428 1497 (conf.V.22.
1448 1413 1503 1505 11,

428 1559 496 1631 XI.
524 1561 617 1645 229).

480 1707 708 1779 Genetivum
735 1706 1053 1797 pertractavimus
1079 1707 1504 1796 progrediamuraiDa-

427 1855 564 1927 tivum.

476 2003 559 2074 Duo
585 2002 706 2072 triave
732 2003 884 2071 tautum
910 2000 1026 2070 uerba
1051 2000 1089 2070 in
1115 1999 1256 2070 uostris
1284 2001 1502 2072 auctoribus

429 2148 605 2236 indagare
652 2147 866 2238 potuimus²
916 2147 1051 2236 quibus
1107 2165 1200 2217 usus
1251 2146 1395 2218 alienus
1447 2150 1506 2218 est

430 2295 475 2366 ab
503 2294 668 2366 melioris
695 2295 828 2366 aetatis
856 2294 1111 2385 scriptoribus,

479 2442 610 2514 Unum
640 2444 698 2513 est
725 2441 884 2513 verbum
913 2438 1100 2534 „curare”‚
1134 2441 1193 2511 cui
1220 2443 1257 2511 et
1285 2440 1442 2513 Plautus
1468 2446 1506 2513 et

430 2590 616 2680 Apuleius
641 2555 835 2660 Dativum
849 2590 1092 2678 conjungunt.
1126 2588 1305 2678 Apuiejus
1326 2589 1421 2679 apol.
1438 2590 1503 2660 35:

434 2756 585 2831 „curare
611 2733 863 2808 hominibus’.
891 2735 924 2806 d.
941 2735 974 2805 d.
998 2734 1097 2806 Socr.
1122 2735 1163 2805 2:
1194 2736 1328 2828 „certis
1345 2739 1505 2827 potesta-

430 2885 533 2956 tibus
559 2881 726 2954 curant.''
755 2883 913 2954 Plautus
947 2882 1023 2953 Mil.
1047 2882 1137 2971 glor.
1161 2883 1243 2974 482,
1267 2883 1367 2953 Trin.
1400 2884 1504 2976 1057,

431 3031 525 3103 Rud.
557 3030 635 3122 146,
663 3030 771 3100 Truc.
803 3031 892 3100 137:
923 3029 1075 3122 „alienis
1101 3030 1213 3100 rebus
1240 3028 1383 3100 curas,”

480 3177 655 3249 Alterum
683 3179 740 3248 est
766 3176 923 3247 uerbum
950 3176 1135 3268 „decere’'‚
1153 3177 1213 3247 cui
1227 3178 1396 3267 optimus
1410 3179 1506 3268 quis-

433 3346 505 3418 que
518 3328 649 3397 auctor
663 3325 924 3396 accusativum
939 3324 1051 3415 addit,
1074 3324 1112 3394 hi
1125 3327 1354 3396 tamencum
1368 3325 1505 3395 Dativu

431 3475 666 3545 construunt.
693 3472 806 3562 Apui.
833 3471 951 3542 florid.
983 3471 1027 3541 16
1050 3491 1084 3560 p.
1108 3471 1198 3541 234:
1226 3471 1377 3563 „deceat
1390 3471 1505 3562 philo·

432 3617 585 3711 soph0.'’
614 3619 735 3690 Plaut.
763 3616 905 3708 Amph.
925 3617 1015 3687 82οε
1046 3616 1165 3709 „istuc
1179 3616 1333 3709 facinus,
1350 3619 1449 3708 quud
1462 3622 1504 3691 tu

431 3764 641 3856 insimulas,
677 3767 806 3835 nostru
840 3763 966 3853 generi
1000 3782 1074 3834 non
1110 3764 1225 3834 decet
1276 3764 1378 3836 Pers.
1415 3765 1503 3837 213:

435 3916 499 4002 „ut
524 3914 630 3984 decet
654 3911 800 3983 lenonis
825 3908 1023 3982 familiae.'’
1052 3910 1154 3982 Oonf.
1170 3911 1250 3981 Ter.
1267 3911 1404 3983 Heaut.
1422 3912 1504 4003 965,

431 4060 591 4150 Adelph.
619 4060 701 4150 491,
729 4059 811 4129 928.

480 4205 650 4278 Tertium
681 4205 916 4296 repperimus
942 4206 1098 4277 verbum
1131 4206 1296 4298 „vitare”
1324 4225 1412 4277 cum
1438 4206 1505 4278 Da-

430 4355 510 4425 tivo
533 4355 788 4426 coniunctum.
816 4352 973 4424 Plautus
986 4352 1099 4424 habet
1117 4353 1198 4425 Cas,
1214 4354 1303 4424 211;
1334 4373 1506 4447 „semper

431 4503 471 4571 tu
511 4500 600 4572 huic
641 4501 752 4571 verbu
794 4501 914 4571 vitute
952 4501 1018 4571 abs
1057 4503 1123 4571 tuc
1159 4501 1251 4572 viru.
1270 4501 1386 4573 'Oura
1415 4503 1503 4575 298:
