3590 5734
738 750 778 814 61

272 985 407 1056 Pseud.
448 984 513 1058 84:
556 1005 668 1080 „narn
701 986 734 1058 is
761 985 856 1058 mihi
885 986 1115 1060 thensaurus
1139 989 1237 1078 iugis
1262 988 1302 1061 in

273 1135 404 1205 nostra
429 1136 487 1204 est
508 1131 657 1226 domo,’'
674 1133 840 1206 melioris
853 1137 965 1208 notae
978 1137 1179 1227 scriptores
1193 1136 1302 1228 signi-

271 1281 486 1354 ficationem
511 1282 735 1354 translatam
763 1282 948 1373 adJ'ectivo
969 1285 1226 1355 tunctantum
1240 1285 1302 1355 tri-

272 1429 406 1520 buunt,
434 1448 520 1500 cum
543 1430 722 1520 junctum
747 1434 805 1502 est
831 1431 1080 1524 substantivo,
1109 1432 1169 1503 cui
1192 1431 1301 1522 signi-

272 1576 397 1648 ficatio
422 1577 575 1650 fluentis
599 1577 757 1650 alicuius
784 1578 837 1650 rei
866 1579 975 1650 inest.

223 1723 442 1796 laciniatim.
481 1723 594 1815 Apul.
634 1726 721 1798 Met.
761 1725 868 1798 VIII.
911 1726 966 1798 15.
1005 1746 1089 1818 pag.
1133 1728 1214 1799 175.
1246 1727 1301 1799 11.

275 1871 564 1943 Substantivum
594 1869 774 1966 „lacinia”
801 1876 861 1945 est
883 1873 922 1946 in
935 1873 1070 1948 Plauto
1095 1874 1203 1948 Asin.
1220 1876 1302 1969 587,
1367 1919 1369 1926 ,

276 2017 387 2089 Mero.
420 2018 499 2089 126.

227 2165 420 2238 mundule.
460 2165 696 2238 Adverbium
736 2169 824 2239 ante
862 2166 1069 2258 Apuleium
1095 2168 1305 2259 reperimus

275 2314 426 2383 tanturn
467 2313 580 2385 modo
621 2313 660 2384 in
696 2313 812 2385 Accio
844 2315 1022 2404 tragoedo
1048 2315 1147 2402 (vide
1172 2314 1304 2405 fragm.

276 2459 373 2546 602.)
410 2459 569 2532 Plautus
594 2460 824 2552 adjectivum
868 2459 1119 2554 „mundulos”
1146 2465 1306 2554 usurpat

277 2607 385 2679 Truc.
413 2607 495 2680 622.
525 2607 620 2680 Vide
645 2608 760 2699 Apul.
787 2609 875 2680 Met.
903 2608 952 2681 ll.
982 2611 1013 2682 7.
1044 2610 1099 2682 19.

230 2755 354 2827 ociter.
382 2755 595 2827 PosItivum
624 2755 738 2828 huius
763 2756 941 2848 adverbii,
969 2759 1101 2829 utrum
1120 2756 1308 2849 Apuleius

278 2904 366 2975 Met.
392 2901 420 2974 I.
444 2903 502 2975 23.
521 2902 573 2974 13.
591 2923 640 2976 ex
652 2904 807 2994 antiqua
821 2903 1092 2976 consuetudine
1104 2904 1305 2998 repetierit,

278 3071 326 3123 an
356 3051 437 3142 ipse
474 3051 673 3123 novaverit
706 3051 773 3122 vix
807 3070 875 3143 pro
901 3053 1002 3123 certo
1029 3051 1145 3125 statui
1170 3053 1307 3146 potest,

277 3199 315 3270 id
349 3200 500 3270 tantum
527 3201 675 3270 constat
701 3198 950 3289 comparativi
970 3198 1134 3271 formam
1158 3199 1308 3294 „ocius”

279 3365 301 3416 a
325 3345 461 3417 Plauto
487 3348 525 3417 et
551 3346 736 3440 Terentio,
766 3367 860 3438 quos
873 3365 972 3419 unus
985 3347 1128 3419 alterve
1142 3347 1309 3420 melioris

279 3493 415 3564 aetatis
441 3495 554 3583 poeta
579 3497 732 3566 secutus
759 3497 828 3587 est,
858 3514 926 3587 pro
952 3495 1116 3586 posItivo
1143 3495 1309 3587 posttam

279 3659 373 3712 esse.
413 3640 511 3712 Vide
547 3641 668 3714 Plaut.
709 3641 798 3714 dist.
839 3643 921 3735 639,
961 3642 1068 3715 Ourc.
1107 3643 1189 3738 276,
1226 3643 1308 3736 312,

280 3787 499 3880 11151678,
534 3787 595 3860 Ρ5.
625 3789 705 3882 758,
743 3789 852 3861 Truc.
879 3789 962 3882 803,
991 3790 1073 3861 Ter.
1100 3789 1199 3862 And.
1228 3789 1309 3882 724,

283 3934 364 4006 731.
392 3934 487 4006 Eun.
515 3935 597 4028 470,
625 3936 762 4008 Heaut.
789 3937 872 4029 832,
899 3936 1052 4008 Phorm.
1080 3937 1162 4008 562.

233 4081 458 4173 quantulum
500 4083 726 4173 quantulum
765 4082 848 4175 (pro
897 4084 1310 4176 quantulumcumque).

281 4227 396 4319 Apul.
424 4228 511 4300 Met.
539 4227 608 4300 IX.
636 4231 693 4302 35.
725 4230 780 4302 13.
808 4229 911 4303 Oonf.
940 4230 1061 4303 Plaut.
1088 4231 1201 4304 Poen.
1219 4232 1309 4304 738:

285 4379 496 4470 „quantum
522 4377 743 4468 qnantum.'’

237 4543 531 4618 quaquaversus.
566 4525 680 4616 Apul.
715 4527 803 4598 Met.
837 4526 904 4599 IV.
939 4527 974 4599 6.
1005 4528 1047 4599 9:
1085 4527 1221 4622 „huius
1245 4548 1312 4621 per
