3516 5730
743 704 787 765 99

220 941 334 1013 etiam
357 943 401 1012 tu
427 960 575 1032 quoque
601 940 716 1033 Ipse‚’'
744 943 782 1012 et
811 940 893 1011 567.
922 941 1016 1013 conf.
1043 940 1184 1031 Amph.
1214 941 1294 1033 702,

221 1085 327 1161 Ourc.
366 1086 445 1178 131,
479 1086 614 1158 Pseud.
652 1087 732 1159 122.
783 1087 841 1159 Ita
875 1092 913 1159 51
946 1087 1103 1160 Plautus
1139 1091 1297 1178 usurpat

220 1255 350 1328 quoque
375 1234 479 1304 etiam
505 1236 613 1307 Truc.
640 1237 722 1307 875.

270 1383 341 1454 His
375 1382 481 1454 facile
507 1383 592 1455 addi
618 1385 755 1475 potest⁷
787 1383 1019 1455 consuetudo
1046 1404 1189 1452 rursum
1216 1382 1296 1454 sive

220 1551 347 1600 rursus
367 1549 455 1602 cum
477 1530 602 1602 verbIs
615 1551 638 1602 a
650 1552 688 1599 re
701 1529 968 1621 incipientibus
982 1529 1192 1621 copulandi,
1210 1549 1295 1619 qua-

220 1677 266 1750 lis
292 1678 518 1769 perspicitur
544 1678 657 1770 Apul.
685 1679 772 1750 Met.
801 1678 828 1749 I.
861 1679 891 1770 1,
907 1679 948 1749 6;
979 1677 1186 1770 ,‚figuras....
1203 1677 1295 1748 inse

221 1845 374 1896 rursum
396 1828 530 1897 mutuo
554 1845 655 1897 nexu
670 1824 861 1897 refectas''
877 1844 1062 1916 compone
1077 1825 1190 1916 Apul.
1206 1825 1293 1895 1151.

221 1972 287 2044 III.
319 1972 373 2044 12.
405 1973 462 2064 29,
491 1973 547 2043 23.
578 1972 633 2064 18,
665 1972 731 2044 IV.
759 1973 791 2043 3.
823 1971 877 2064 12,
910 1972 964 2043 18.
992 1973 1049 2064 31,
1077 1971 1123 2043 V.
1155 1971 1208 2042 15.
1240 1972 1294 2064 15,

222 2119 287 2191 VI.
319 2120 373 2191 19.
402 2120 435 2211 6,
463 2120 520 2212 21,
551 2120 605 2192 15.
633 2119 719 2192 VII.
747 2121 779 2192 9.
808 2118 1161 2212 26,11.25,17.16.
1189 2118 1294 2190 VIII.

223 2266 279 2337 24.
315 2267 348 2358 8,
385 2265 452 2338 1Χ.
489 2266 546 2340 20.
574 2267 631 2358 22,
658 2267 707 2338 Χ.
736 2267 768 2337 2.
797 2267 854 2358 26,
885 2267 939 2338 10.
969 2267 1026 2358 30,
1055 2267 1111 2336 33.
1143 2266 1198 2358 14,
1225 2265 1294 2337 XI.

225 2413 279 2484 19.
309 2413 341 2503 7,
369 2413 426 2484 21.
455 2414 512 2505 20,
540 2414 597 2485 23.
625 2414 658 2485 5.
698 2413 819 2486 Plaut.
846 2414 921 2485 Mil.
949 2413 1039 2505 glor.
1070 2414 1296 2507 „rodeorur-

223 2560 344 2653 sum,'’
372 2561 539 2652 itemque
565 2561 640 2632 Mil.
668 2560 758 2651 glor.
788 2560 868 2653 701,
896 2560 996 2631 Trin.
1014 2561 1093 2652 182,
1109 2560 1221 2632 Pcen.
1238 2561 1294 2632 79.

223 2708 322 2794 (Tale
356 2708 445 2798 quid
484 2727 602 2799 parva
628 2707 838 2779 mutatione
866 2707 1040 2778 videmus
1066 2707 1179 2798 Apul.
1207 2708 1295 2779 Met.

224 2854 328 2927 VIII.
355 2856 387 2927 2.
415 2857 457 2927 8:
487 2855 665 2948 „deorsus
679 2854 875 2946 delapsum
889 2855 1061 2926 nutnons
1076 2853 1295 2927 Amorem.’'

223 3003 304 3074 dd.
333 3003 433 3075 Scor.
464 3003 518 3075 10.
546 3003 649 3074 Haeo
675 3003 720 3074 de
746 3023 819 3093 qua
841 3002 1121 3093 ddsputavimus
1143 3022 1297 3076 consue-

223 3150 313 3222 tudo
347 3170 396 3222 ex
429 3169 473 3222 eo
507 3152 591 3221 orta
615 3154 683 3242 551,
719 3150 818 3241 quod
843 3150 963 3221 nostri
985 3153 1158 3222 auctores
1178 3151 1298 3240 piebis

224 3298 369 3374 dicendi
412 3298 597 3370 rationem
636 3281 766 3389 secuti,
814 3297 1086 3370 vocabulorum
1124 3298 1298 3370 notiones

224 3464 359 3535 augere
385 3447 579 3542 conantur.

270 3592 329 3664 Ita
355 3592 435 3663 vim
462 3593 711 3683 comparativi
738 3591 851 3686 napis
877 3591 1058 3663 adverbio
1085 3589 1213 3660 addito
1237 3609 1297 3659 au-

224 3741 322 3830 gent,
358 3739 457 3830 quod
492 3742 529 3811 et
563 3740 602 3809 in
636 3738 797 3828 Apuleio
833 3741 870 3810 et
904 3739 942 3808 in
976 3736 1111 3808 Plauto
1137 3736 1299 3809 occurrii

224 3885 336 3976 Apul.
364 3886 451 3957 Met.
478 3885 546 3957 XI.
577 3886 632 3957 10.
660 3887 700 3956 d:
731 3885 950 3978 „videbatur
976 3884 1156 3974 aequitati
1178 3883 1298 3972 magis

224 4035 345 4124 aptior
371 4054 485 4125 quam
512 4033 701 4105 dextera.”
728 4032 849 4104 Plaut.
876 4032 1018 4123 Amph.
1043 4031 1132 4101 301:
1164 4030 1299 4123 „igitur

225 4182 380 4254 demum
406 4183 526 4273 magis
551 4183 736 4254 maiorem
757 4181 796 4252 in
818 4200 900 4252 sese
915 4179 1100 4271 concipiet
1113 4175 1297 4250 metunr.''

225 4331 321 4402 Vide
335 4333 373 4402 et
386 4329 491 4421 Oapt.
507 4330 588 4421 644,
603 4329 690 4401 Men
713 4329 769 4420 55,
785 4327 901 4398 Stich.
915 4327 996 4419 699,
1012 4326 1125 4398 Poen.
1136 4326 1228 4417 prol.
1240 4326 1298 4396 82.

272 4478 399 4550 Etiam
424 4478 569 4550 auctior
593 4474 714 4548 forma
739 4479 797 4547 551
822 4475 886 4546 ubi
912 4475 1171 4565 comparativo
1194 4471 1299 4540 ruodo
