3590 5734
984 713 1027 778 60

515 973 704 1046 apponere
736 973 890 1027 necesse
923 953 1137 1026 habuimus.
1177 953 1329 1026 Primus
1354 953 1459 1026 locus
1484 956 1543 1026 est

515 1100 629 1193 Apul.
644 1100 755 1192 Apol.
773 1101 835 1174 14:
859 1101 1020 1195 „quippe
1033 1101 1071 1172 iu
1085 1101 1262 1173 omnibus
1275 1121 1392 1173 manu
1406 1101 1543 1173 faciun-

516 1250 573 1322 dis
599 1249 826 1340 imaginibus
852 1268 966 1340 opera
992 1247 1137 1320 diutino
1156 1249 1222 1335 (sic
1237 1249 1265 1320 F
1280 1248 1327 1335 V)
1342 1247 1542 1322 sumitur”.

516 1398 733 1488 Kruegems
758 1398 973 1488 conjectura
997 1395 1163 1468 restituit
1190 1395 1392 1490 ‚‚diutina¹'.
1438 1395 1545 1468 Alter

516 1544 623 1617 locus
636 1546 704 1617 est.
720 1544 807 1616 Met.
823 1543 872 1615 Il.
888 1543 945 1615 24.
961 1544 1002 1615 8:
1024 1543 1096 1636 „ibi
1110 1562 1247 1634 corpus
1260 1542 1545 1634 splendentibus

516 1692 642 1764 linteis
681 1693 901 1782 coepertum
940 1690 1166 1763 introductis
1203 1690 1428 1781 quibusdam
1467 1711 1545 1783 sep·

520 1844 600 1912 tem
626 1839 788 1911 testibus
814 1857 930 1910 manu
956 1837 1099 1910 revelat
1124 1840 1162 1909 et
1187 1838 1332 1910 diutine
1345 1838 1487 1924 (sicFe
1508 1859 1545 1911 u.

518 1987 552 2058 d.
580 1985 683 2058 Vliet
715 1985 796 2057 loco
822 1989 998 2076 corrupto
1025 2003 1176 2056 crucem
1201 1985 1378 2075 apposuit
1403 1955 1548 2058 diutine

518 2152 685 2226 servans⁷
712 2132 972 2225 Eyssenhardt
997 2132 1035 2203 111
1058 2134 1210 2204 textum
1224 2132 1365 2223 recepit
1378 2132 1546 2219 diutino).

519 2280 617 2370 Ergo
644 2281 676 2352 si
703 2299 790 2352 cum
818 2280 922 2352 libris
948 2299 1065 2352 manu
1092 2279 1242 2370 scriptis
1267 2278 1437 2372 iacimus,
1470 2301 1547 2353 uno

521 2428 657 2501 saltem
701 2429 783 2501 lucc
822 2428 1045 2500 adverbium
1083 2427 1229 2499 diutine
1267 2429 1396 2499 restat.
1447 2426 1547 2500 Alte·

520 2595 602 2647 ram
627 2574 790 2647 formam
818 2573 1006 2668 „diutine”
1034 2574 1074 2646 in
1101 2574 1222 2664 capite
1248 2575 1372 2666 primo
1391 2576 1473 2666 jam
1487 2595 1548 2648 no-

521 2722 690 2794 tavimus
719 2721 855 2794 Plauto
882 2721 1074 2813 usitatam,
1102 2721 1324 2793 adverbium
1350 2722 1548 2795 deminuti·

522 2888 615 2940 vum
654 2869 824 2960 ejusdem
857 2869 992 2942 radicis
1018 2868 1190 2959 Apuleus
1216 2869 1345 2942 scribit
1369 2870 1487 2943 florid.
1515 2872 1549 2942 2.

522 3037 595 3109 pag
623 3018 653 3089 1.
683 3018 739 3110 11,
770 3017 825 3089 16.
852 3037 934 3109 pag.
965 3018 1043 3089 22:
1073 3018 1274 3111 „diutule”

473 3164 618 3238 efflicte.
653 3164 767 3256 Apul.
794 3165 882 3236 Met.
910 3165 957 3236 V.
986 3165 1043 3236 28.
1071 3165 1105 3236 9.
1132 3164 1212 3237 Iam
1242 3185 1356 3257 supra
1378 3167 1552 3240 dedimus

523 3312 707 3385 vocabula
756 3311 969 3406 „efflictim”
1008 3314 1047 3384 et
1086 3312 1303 3405 „effligere”
1342 3313 1477 3387 Plauto
1516 3318 1553 3387 et

522 3458 685 3552 Apuleio
712 3460 941 3532 communia.

475 3607 677 3680 frustatim.
705 3608 818 3699 Apul.
847 3609 934 3680 Met.
963 3608 1012 3681 H.
1042 3611 1074 3681 7.
1105 3609 1159 3702 16,
1189 3609 1257 3682 ΙΧ.
1286 3611 1343 3682 37.
1371 3609 1552 3704 18.(00111.

524 3757 708 3847 Pompcn.
737 3755 841 3829 60111.
865 3758 957 3843 177.)
983 3756 1219 3830 Aduerbium
1236 3757 1554 3853 „frustillatim’'a

526 3904 764 3976 substantivo
791 3904 1028 3978 deminutivo
1057 3905 1307 4000 „frustillum”
1339 3908 1553 3980 derivatum

527 4052 686 4124 Plautus
723 4051 894 4124 adhibuit
932 4053 1038 4126 Ourc.
1080 4055 1162 4147 576,
1189 4075 1301 4145 quam
1328 4055 1491 4128 formam
1517 4061 1555 4130 et

527 4200 693 4273 ostendit
718 4200 973 4290 fragmentum
999 4201 1199 4291 Pomponii
1226 4203 1379 4276 Comici.
1412 4204 1492 4276 166.

474 4349 625 4441 jugiter.
652 4346 756 4439 Apul
779 4347 824 4418 de
838 4347 966 4418 Mund.
982 4347 1039 4418 30.
1054 4347 1213 4421 Plautus
1225 4350 1407 4424 translate
1422 4352 1554 4424 eodem

528 4495 653 4586 modo,
693 4513 765 4586 quc
795 4492 981 4584 Apuleius
1007 4494 1195 4588 adverbio,
1223 4496 1408 4588 adjectivo
1437 4499 1557 4571 utitur
