3590 5734
788 705 808 767 9

310 933 429 1021 Quam
456 935 503 1006 ob
524 954 618 1008 rem*
632 938 677 1010 ab
703 958 776 1010 ovo
803 940 978 1014 affirmari
1004 943 1114 1018 debet
1127 945 1331 1037 Apuleium
1375 942 1379 947 ’

260 1078 382 1152 Plauti
409 1085 509 1155 oerte
533 1085 776 1180 imitatorem,
791 1088 893 1160 haud
907 1091 1034 1162 minus
1054 1094 1184 1165 tamen
1198 1097 1334 1169 oetero-

258 1247 344 1298 rum
371 1229 582 1320 priscorum
608 1237 807 1307 auctorum
832 1235 957 1309 luisse.

309 1375 380 1448 Sed
414 1381 567 1471 tempus
602 1385 670 1474 est,
697 1386 741 1454 ut
766 1402 862 1474 opus
890 1389 1065 1458 nostrum
1091 1390 1333 1479 comparandi

260 1525 531 1614 aggrediamur.
572 1527 781 1620 incipimus
807 1531 921 1621 igitur
946 1555 967 1606 a

424 1819 593 1886 vocabulis,
613 1827 826 1890 quaerentum
847 1827 929 1893 apud
950 1827 1108 1895 Apuleium
1129 1834 1158 1885 et

615 1944 752 2000 Plautum
774 1946 919 2014 leguntur.
941 1950 974 2018 (¹)

595 2189 628 2238 o.
670 2167 995 2242 Substantiva

257 2383 310 2455 ea,
351 2384 513 2454 quorum
546 2365 654 2436 radix
679 2366 759 2437 exit
783 2366 823 2437 in
848 2367 1014 2441 litteram
1039 2345 1330 2443 consonantem:

255 2510 296 2581 in
321 2532 348 2582 o.

255 2658 381 2731 frutex
412 2664 491 2751 (pro
517 2661 668 2751 stupido
694 2661 859 2752 ponitur)
885 2660 998 2753 Apul.
1025 2663 1120 2755 apol.
1137 2664 1194 2736 66.
1209 2650 1330 2738 Plaut.

304 2809 414 2881 Most.
444 2810 500 2881 13.

255 2979 294 3030 in
320 2981 354 3028 a.

254 3105 468 3178 hilaritudo.
496 3106 608 3196 Apul.
637 3105 714 3177 Met
727 3105 795 3178 XI.
812 3108 843 3178 7.
858 3108 892 3178 9.
908 3106 1030 3178 Plaut.
1046 3106 1121 3179 Mil.
1139 3108 1231 3198 glor.
1246 3109 1329 3200 677,

303 3255 398 3326 Rud.
426 3254 508 3347 lar,
537 3254 626 3327 Oist.
654 3254 711 3326 54.

290 3459 323 3526 (¹)
342 3459 377 3513 In
397 3458 467 3514 loeis
486 3457 593 3526 Apulei
613 3457 766 3525 Plautique
785 3457 938 3512 laudandis
957 3459 1078 3513 secutus
1098 3474 1167 3514 sum
1187 3459 1331 3516 editiones

254 3556 322 3610 has:

254 3651 332 3707 Luoii
352 3651 458 3720 Apulei
475 3650 750 3718 Metamorphoseon
760 3649 824 3704 libri
833 3649 877 3704 XI
888 3665 943 3705 reo.
953 3649 980 3706 J.
990 3665 1049 3706 van
1059 3652 1110 3706 der
1120 3651 1205 3708 Vliet.
1216 3652 1330 3721 Lipsiae

289 3747 398 3802 Toubn.
418 3748 496 3802 1897.

253 3843 276 3896 L
294 3841 399 3910 Apulei
418 3841 619 3898 Madaurensis
633 3841 772 3909 Apologia
783 3841 845 3896 sive
856 3843 890 3897 de
901 3842 996 3910 magia
1006 3842 1077 3898 liber
1087 3844 1130 3899 od.
1142 3842 1175 3898 G.
1186 3843 1329 3914 Kruegor.

289 3938 415 3994 Berolini
433 3939 510 4006 apud
530 3937 750 3994 Weidmannos.
769 3939 846 3994 1864.

288 4036 318 4090 L.
348 4035 452 4104 Apulei
479 4035 681 4089 Madaurensis
709 4035 885 4104 floridorum,
912 4050 986 4103 quae
1016 4038 1179 4104 supersunt
1207 4052 1262 4092 reo.
1293 4037 1326 4093 G.

252 4132 395 4200 Krueger.
434 4131 563 4185 Iahresb.
583 4133 612 4184 ii.
632 4131 658 4187 d.
677 4131 753 4192 Kon.
772 4130 949 4186 Joaohimth.
969 4130 1077 4200 Gymn.
1097 4132 1194 4186 Berlin
1215 4133 1291 4188 1865.

253 4228 358 4296 Apulei
387 4226 586 4281 Madaurensis
607 4226 747 4294 opuscula
762 4241 837 4294 quae
858 4227 929 4280 sunt
949 4227 984 4281 do
1004 4226 1195 4295 philosophia.
1217 4243 1272 4283 rec.
1292 4231 1326 4285 A.

288 4322 476 4378 Goldbaoher.
496 4322 683 4377 Vindobonae
705 4323 782 4377 1876.

252 4419 349 4475 Plauti
377 4418 548 4473 comoediae
567 4433 622 4473 reo.
643 4420 673 4473 et
693 4419 807 4473 emend.
835 4418 999 4473 Friderious
1018 4419 1084 4474 Leo.
1104 4419 1230 4475 Berolini
1249 4422 1326 4489 apud

289 4515 507 4570 Weidmannos.
529 4515 606 4583 1895,
626 4515 670 4569 96.
