3516 5730
960 746 1022 810 122

502 986 617 1077 Apud
652 988 858 1075 utrumque
884 985 1078 1055 auctorem
1104 981 1267 1053 occurrit
1296 979 1444 1073 „irrisui
1472 979 1532 1051 ha-

454 1135 567 1207 beri.”

502 1281 556 1353 De
582 1281 638 1372 iis,
655 1300 750 1371 quos
763 1299 850 1371 spes
864 1278 1076 1369 frustratur,
1093 1277 1230 1348 dieitur
1246 1275 1411 1370 „frustra
1426 1273 1531 1348 esse'’

454 1429 568 1520 Apul.
604 1427 699 1519 apol.
740 1428 803 1499 19:
843 1427 975 1520 ,longe
1008 1424 1123 1496 huius
1150 1425 1266 1496 animi
1291 1425 1432 1496 frustra
1457 1421 1532 1496 es''
1631 1472 1636 1484 .

455 1577 576 1648 Plaut.
606 1574 745 1666 Amph.
773 1573 862 1645 974:
894 1575 952 1661 ,et
978 1592 1110 1644 servos
1136 1575 1173 1644 et
1199 1591 1261 1644 era
1284 1571 1423 1644 frustra
1445 1574 1534 1644 sunt

455 1724 563 1794 duo.''
598 1721 771 1794 Bacchid.
808 1721 890 1812 840,
926 1721 1036 1792 Mero.
1074 1721 1156 1812 528,
1192 1719 1293 1791 Pers.
1325 1720 1404 1810 140,
1438 1721 1532 1792 Rud.

459 1870 563 1941 1255.

507 2036 611 2110 „esse
636 2017 676 2088 in
701 2016 892 2107 proclivi,'’
932 2016 1031 2105 quod
1058 2018 1265 2106 usurpatur
1292 2035 1381 2087 cum
1408 2015 1535 2087 omnia

456 2165 561 2236 facile
586 2164 825 2255 proveniunt,
854 2163 1037 2254 Apuleius
1064 2163 1184 2234 utitur
1200 2163 1233 2234 d.
1251 2163 1284 2233 d.
1301 2163 1395 2234 Plat.
1411 2162 1459 2234 Π.
1478 2163 1533 2235 11.

456 2311 609 2401 Legitur
634 2330 723 2382 cum
749 2311 849 2401 apud
862 2310 1041 2382 Plautum
1054 2313 1137 2381 tum
1153 2311 1190 2380 in
1205 2310 1288 2382 aliis
1302 2310 1534 2382 comicorum

456 2458 601 2530 fabulis
629 2456 732 2530 Oonf.
758 2456 879 2528 Plaut.
909 2455 1013 2547 Capi.
1042 2457 1124 2548 336,
1153 2457 1301 2529 Terent.
1316 2458 1435 2529 Andr.
1453 2458 1533 2548 701,

458 2605 576 2677 Naev.
603 2603 707 2677 Oom.
736 2604 793 2675 93.

506 2753 541 2824 A
568 2751 848 2842 significatione,
877 2770 951 2840 qua
977 2751 1090 2840 vulgo
1117 2753 1323 2842 usurpatur
1349 2770 1427 2823 vox
1456 2752 1534 2845 ,ab-

457 2900 650 2990 stemius'’,
677 2899 788 2990 plane
813 2897 962 2970 diversa
988 2901 1046 2968 est
1071 2916 1124 2990 ea,
1153 2917 1247 2988 quac
1268 2899 1532 2991 iegiturApui.

458 3050 492 3120 d.
519 3049 553 3119 d.
589 3046 683 3118 Plat.
719 3045 765 3117 H.
807 3046 860 3116 15.
913 3045 996 3117 Hoc
1031 3045 1111 3117 lucc
1140 3046 1325 3137 Apuleius
1351 3048 1534 3120 vocabulo

457 3193 652 3267 notionem
701 3193 766 3263 dat
802 3192 917 3283 avari,
971 3192 1123 3282 suisque
1162 3194 1274 3265 rebus
1313 3195 1534 3285 parcissimi.

459 3343 658 3432 Nusquam
695 3341 788 3412 alias
826 3359 915 3411 cum
940 3339 1004 3411 iila
1032 3340 1303 3430 significatione
1330 3342 1537 3432 quidquam

460 3489 669 3581 comparari
696 3490 833 3580 potest,
856 3487 929 3558 nisi
951 3486 1056 3558 locus
1079 3486 1287 3581 Plautinus,
1312 3490 1375 3580 qui
1390 3490 1535 3580 legitur.

461 3636 541 3710 Cas
583 3636 663 3728 746,
705 3636 843 3725 quique
881 3633 974 3706 haec
1012 3635 1182 3707 exhibet:
1234 3636 1365 3729 „facito
1404 3657 1537 3711 cenam

460 3784 565 3877 mihi,
598 3787 641 3855 ut
674 3783 776 3855 ebria
802 3783 884 3874 sit,’'
920 3802 1015 3872 quae
1042 3783 1156 3854 verba
1181 3784 1275 3855 nihii
1301 3784 1401 3856 aliud
1428 3786 1537 3876 signi-

460 3932 570 4002 ficare
597 3933 767 4021 possunt,
794 3929 885 4000 nisi:
916 3928 1047 4021 „facite
1074 3930 1167 4001 mihi
1197 3951 1330 4003 cenam
1343 3933 1444 4005 haud
1459 3953 1537 4026 par-

461 4097 545 4149 cam
585 4077 650 4148 sed
688 4076 832 4147 lautam
869 4079 907 4147 et
941 4077 1170 4166 opiparam.'’
1223 4080 1276 4153 Ut
1305 4082 1475 4173 „ebrius”
1502 4086 1540 4155 et

464 4222 714 4318 „abstemius”
742 4222 896 4312 vulgato
922 4243 1036 4294 sensu
1062 4227 1249 4298 contraria
1274 4231 1374 4320 sunt,
1402 4230 1455 4301 ita
1480 4230 1541 4303 his

462 4371 554 4443 locis
576 4371 729 4443 notione
742 4371 926 4442 translata
939 4372 1106 4462 praedita
1119 4373 1217 4444 inter
1231 4394 1271 4447 se
1284 4381 1538 4467 opponuntur.

512 4518 585 4590 Hic
618 4517 693 4589 illic
726 4519 946 4590 notavimus
980 4519 1258 4611 interjectiones
1293 4525 1487 4617 quasdam,
1520 4547 1542 4597 a
