3516 5730
964 723 1025 788 128

452 959 584 1052 scripti
621 960 660 1031 in
698 962 843 1032 memet
880 960 1008 1051 ipsum
1046 958 1161 1030 vertit
1200 957 1374 1030 eomua.'’
1427 956 1530 1030 Oonf.

454 1108 576 1180 Plaut.
603 1107 737 1179 Pseud.
768 1107 862 1179 1019
889 1083 983 1197 sqq:

958 1254 1110 1345 „metuo
1136 1255 1174 1324 θῖ
1198 1251 1358 1324 formido
1384 1251 1483 1324 male

478 1421 526 1474 ne
552 1401 677 1474 malus
701 1401 794 1472 item
822 1419 910 1490 erga
936 1419 997 1472 me
1023 1400 1083 1492 sit,
1110 1401 1153 1470 ut
1178 1419 1265 1489 erga
1291 1399 1399 1470 illum
1425 1398 1506 1486 fuit,

479 1569 526 1622 ne
552 1550 591 1621 iu
616 1569 656 1620 re
682 1549 847 1622 secunda
872 1567 972 1620 nune
998 1547 1052 1619 mi
1079 1549 1252 1620 obvertat
1277 1545 1453 1619 cornua.''

507 1699 575 1792 „ad
613 1698 748 1770 inuitas
773 1694 991 1770 deducere.’'
1044 1695 1103 1768 Ad
1129 1696 1264 1768 inuitas
1289 1697 1422 1769 deduci
1448 1697 1533 1768 dici-

453 1849 518 1917 tur
543 1846 586 1936 is,
614 1845 743 1936 quiin
773 1864 968 1917 summam
994 1863 1120 1917 rerum
1147 1843 1406 1942 difficultatem
1433 1846 1471 1914 et
1483 1843 1535 1915 in-

455 1993 581 2085 opiam
608 1992 782 2065 redactus
809 1995 876 2064 est.
905 1991 1018 2082 Apul.
1047 1992 1134 2064 Met.
1163 1992 1231 2065 ΠΙ.
1252 1993 1309 2065 28.
1325 1992 1391 2063 24:
1421 1994 1536 2085 „tune

455 2137 670 2230 opulentiae
705 2138 844 2210 nimiae
878 2138 996 2210 nimio
1027 2137 1073 2209 ad
1099 2140 1291 2210 extremas
1316 2137 1450 2210 incitas
1476 2138 1536 2210 de·

455 2287 593 2360 ducti.’'
644 2286 766 2358 Plaut.
807 2286 921 2357 Poen.
957 2286 1048 2358 907:
1090 2284 1283 2378 „Profecto
1318 2286 1365 2357 ad
1399 2285 1535 2357 inuitas

456 2435 632 2507 lenonem
666 2433 831 2523 rediget''
871 2433 932 2519 (Et
965 2433 1133 2504 Lucilius
1158 2453 1203 2505 ea
1226 2432 1415 2505 locutione
1442 2452 1536 2504 usus

455 2585 538 2668 est.)

455 2729 568 2821 Apul.
618 2730 706 2800 Μθῖ.
754 2729 801 2800 V.
842 2730 874 2800 5.
915 2729 956 2800 9:
999 2729 1226 2822 „vestigium
1265 2726 1535 2819 requirentes.”

505 2877 604 2963 (Met.
619 2876 686 2947 VI.
701 2877 734 2946 2.
751 2877 822 2963 23.)
837 2875 931 2948 conf.
949 2876 1071 2949 Plaut.
1089 2876 1178 2950 Oist.
1195 2877 1285 2948 724:
1307 2876 1536 2970 „vestigium

505 3025 566 3096 hie
592 3023 777 3114 requir0.''

504 3173 664 3245 Restant
694 3192 759 3243 eae
785 3171 1003 3262 locutiones
1031 3190 1125 3261 quas
1150 3172 1337 3263 Apuleius
1362 3174 1536 3264 ipsorum

455 3319 581 3391 Plauti
607 3319 810 3390 verborum
836 3338 984 3390 memor
1009 3319 1048 3389 in
1074 3339 1188 3391 suum
1216 3339 1328 3392 usum
1352 3319 1533 3392 adhibuit.

457 3466 570 3557 Apul.
597 3465 693 3557 apol.
722 3466 763 3536 3:
793 3466 936 3558 „pudor
962 3465 1065 3537 enim
1078 3465 1197 3538 veluti
1212 3467 1365 3539 vestis”
1392 3467 1535 3539 Eadem

506 3614 693 3686 sententia
718 3617 776 3686 est
803 3613 842 3684 in
868 3614 989 3686 Plaut.
1017 3614 1127 3686 Most.
1157 3615 1226 3687 162
1253 3614 1321 3706 Sq:

461 3760 638 3855 „haeeiiia
663 3763 721 3832 est
746 3763 956 3851 tempestas
979 3781 1065 3832 mea
1078 3761 1183 3853 mihi,
1200 3782 1294 3853 quae
1309 3761 1536 3836 modestiam

507 3926 661 3980 ornnem

458 4055 612 4146 detexit,
639 4057 764 4126 tectus
790 4074 864 4144 qua
889 4053 977 4126 fui.’'

457 4201 570 4293 Apul.
598 4201 694 4293 apol.
724 4203 763 4272 7:
795 4201 1025 4294 „impensius
1051 4203 1174 4273 cetero
1192 4201 1535 4293 corporeoscolen-

506 4351 609 4443 dum,
637 4349 737 4440 qued
763 4352 863 4421 esset
889 4349 1007 4421 animi
1033 4348 1266 4421 vestibulum
1292 4351 1330 4420 θῖ
1355 4347 1536 4420 orationis

505 4497 617 4587 janua
644 4499 682 4568 et
709 4495 979 4586 cogitationum
1006 4495 1240 4568 comitium.”
