3516 5730
944 731 1008 795 108

440 969 584 1044 Confer.
611 969 733 1041 Plaut.
760 969 866 1040 Asin.
895 969 965 1039 467
977 990 985 1040 ;
1015 968 1173 1061 „Herole
1199 968 1317 1038 istum
1331 967 1368 1037 di
1382 985 1516 1038 omnes

439 1114 652 1208 perduint.''
679 1117 755 1188 Aul
784 1117 864 1208 785,
892 1115 998 1189 Cure.
1028 1115 1109 1208 720,
1137 1114 1234 1186 Men.
1262 1115 1344 1186 308.

491 1265 627 1337 Facilis
661 1267 719 1336 est
751 1265 935 1335 transitus
961 1263 1008 1334 ad
1034 1283 1098 1334 eas
1118 1263 1396 1334 enuntiationes
1422 1281 1517 1352 quae

441 1414 559 1503 agunt
585 1412 630 1484 de
656 1413 788 1502 poenis
815 1412 854 1482 et
879 1411 1072 1482 maleficiis
1091 1412 1171 1482 tam
1190 1429 1388 1481 servorum
1402 1429 1518 1500 quam

442 1561 705 1650 ingenuorum.

491 1708 665 1780 Primum
702 1707 816 1796 igitur
849 1706 1034 1797 Apuleius
1060 1706 1192 1778 eodem
1219 1706 1413 1797 vocabulo,
1440 1725 1515 1796 quo

441 1857 479 1926 et
524 1854 683 1925 Plautus
725 1854 848 1925 utitur
884 1873 952 1944 pro
993 1872 1138 1924 oaroere
1177 1853 1318 1924 soilioet
1360 1853 1517 1945 „robur”

441 1999 554 2090 Apul.
593 1999 688 2090 apol.
729 2001 795 2071 81:
837 2019 881 2092 „o
920 2000 1108 2071 subtilitas
1149 2000 1260 2089 digna
1299 2019 1446 2071 oaroere
1481 2003 1519 2072 et

442 2144 608 2218 ro'oore.”
637 2146 759 2218 Plaut.
786 2146 899 2219 Poen.
929 2147 1042 2218 1153:
1074 2147 1296 2236 „Lachanna
1321 2167 1400 2239 vos²
1424 2167 1519 2238 quos

442 2314 510 2384 ego
531 2295 612 2384 Jam
639 2295 837 2367 detrudam
864 2295 910 2367 ad
937 2295 1057 2367 molas
1071 2296 1157 2368 inde
1171 2316 1282 2388 porro
1298 2298 1345 2369 ad
1359 2301 1519 2388 puteum

442 2444 555 2532 atque
578 2444 624 2514 ad
650 2444 850 2515 robustum
876 2442 1078 2515 oodieem.’'

493 2590 608 2662 Mirae
646 2590 905 2663 similitudinis
943 2594 1033 2662 sunt
1070 2592 1141 2662 looi
1181 2592 1318 2682 Apulei
1343 2593 1421 2664 Met
1448 2592 1517 2665 IX.

448 2739 502 2810 10.
543 2739 607 2810 al:
658 2739 719 2832 „in
756 2740 971 2811 Tullianum
1010 2738 1280 2831 compingunt''
1320 2744 1358 2813 et
1394 2741 1519 2812 Plauti

444 2886 586 2976 Amph.
617 2887 703 2957 155:
733 2888 844 2979 „quid
870 2887 1005 2958 faoiam
1031 2907 1132 2959 nuno
1158 2888 1190 2959 si
1214 2888 1366 2959 tresviri
1393 2907 1455 2959 me
1481 2889 1521 2959 in

445 3052 633 3104 oaroerem
667 3034 959 3125 oompegerint.''
999 3035 1097 3106 Men.
1125 3036 1214 3107 938:
1245 3036 1307 3128 „in
1333 3055 1520 3108 earoerem

444 3182 508 3253 ted
534 3201 616 3253 esse
643 3185 884 3273 compactum
912 3182 1025 3254 soio.''
1052 3182 1164 3255 Poen.
1197 3184 1300 3255 1409.

495 3331 549 3402 De
575 3330 768 3401 vocabulis
798 3331 1032 3421 „patibulus”
1068 3334 1106 3402 et
1134 3331 1411 3424 „patibulatus”
1435 3332 1524 3403 utri·

448 3497 520 3568 que
545 3476 695 3548 usitatis
716 3478 797 3567 J'am
823 3477 863 3547 in
888 3478 1072 3549 indioibus
1098 3479 1238 3549 nostris
1264 3479 1399 3569 eapitis
1411 3479 1525 3570 primi

448 3626 625 3697 diximus.

501 3772 636 3864 Verba,
677 3792 772 3863 quae
810 3772 986 3863 leguntur
1019 3773 1133 3864 Apul.
1161 3773 1248 3845 Met.
1277 3772 1343 3844 IX.
1372 3771 1429 3843 21.
1460 3772 1523 3844 18:

452 3923 664 4015 „conterere
703 3917 877 3991 vinoula”
918 3922 1094 4011 oomponi
1134 3924 1295 4014 possunt
1335 3941 1423 3992 ourn
1454 3921 1526 3993 hoo

448 4067 572 4140 Plauti
611 4067 692 4139 looo
730 4067 816 4138 Aul.
844 4068 934 4139 602:
977 4068 1188 4161 ,‚rediget....
1216 4070 1255 4140 in
1286 4069 1525 4161 splendorem

449 4212 685 4308 compedes’'
1328 4317 1331 4324 ι

498 4363 612 4456 Apul.
639 4363 726 4435 Met.
754 4362 781 4434 Ι.
813 4363 867 4434 14.
897 4363 962 4434 23:
994 4364 1225 4457 „destinatae
1243 4365 1526 4438 oruoieandida·

452 4509 549 4583 tus'’
582 4510 717 4582 Nonne
742 4510 775 4581 is
801 4510 906 4581 loeus
932 4511 1040 4583 nolois
1067 4511 1106 4582 in
1131 4513 1357 4584 memoriam
1383 4512 1529 4584 reduoit

418 5144 1206 5714 [ism
