3516 5730
724 711 785 774 109

216 951 379 1022 similem
417 950 542 1022 Plauti
580 949 811 1019 locutionem
853 947 940 1019 Aul.
981 947 1047 1018 59:
1079 945 1288 1040 „Continuo

217 1098 341 1169 hercle
367 1117 434 1187 ego
460 1102 498 1169 te
524 1097 660 1168 dedam
686 1095 910 1186 discipulam
937 1094 1086 1166 orucii’'

128 1269 143 1356 ἰ
266 1247 320 1316 De
346 1245 669 1316 verberationibus
692 1244 784 1314 haec
799 1243 873 1314 iere
888 1241 1152 1313 inveniuntur:
1177 1239 1290 1330 Apul.

141 1359 142 1364 Ἰ
220 1395 307 1466 Met.
335 1393 400 1465 IV.
429 1395 460 1464 3.
490 1393 555 1464 20:
585 1411 669 1482 „me
694 1393 820 1464 totum
834 1390 954 1481 plagis
968 1385 1177 1461 obtundit.’'
1205 1387 1292 1460 Met.

219 1541 286 1612 IX.
314 1540 371 1611 39.
400 1540 464 1610 22:
494 1539 597 1632 „uiti²
625 1557 740 1628 quam
765 1538 918 1609 tenebat
942 1536 1154 1609 obtundens
1168 1533 1291 1606 eum.”

222 1687 323 1761 Conf.
364 1687 486 1758 Plaut.
525 1685 667 1778 Amph.
708 1688 798 1758 606:
837 1705 946 1780 „sum
973 1686 1131 1758 obtusus
1156 1683 1294 1775 pugnis

220 1831 418 1924 pessime.''

270 1981 400 2071 Neque
427 1982 555 2052 minus
580 1981 678 2052 inter
704 2000 744 2052 se
770 1979 1012 2070 comparandi
1039 1982 1129 2050 sunt
1149 1978 1189 2050 hi
1202 1978 1294 2050 loci:

222 2127 335 2218 Apul.
363 2128 448 2199 Met.
478 2127 543 2199 Vl.
572 2129 629 2200 28.
661 2128 723 2198 12:
753 2127 972 2220 „plagarum
998 2145 1113 2199 suasu
1127 2145 1222 2216 quae
1235 2145 1298 2197 me

223 2275 411 2366 saepicule
449 2274 776 2347 commonebant.”
805 2294 893 2345 cum
924 2273 1058 2345 Plauti.
1086 2273 1202 2345 such.
1229 2274 1296 2345 63:

228 2441 317 2515 „ego
356 2442 425 2494 vos
464 2421 799 2494 commonefaciam
826 2420 1086 2492 monumentis
1112 2418 1296 2491 bubulis.’'

274 2571 408 2662 Verba,
435 2589 531 2661 quae
557 2571 695 2662 scripta
722 2570 898 2660 leguntur
924 2568 1297 2660 Apu1.Met.1X.12.

229 2718 272 2789 15
307 2738 383 2791 non
417 2718 496 2790 fieri
523 2721 658 2809 potest,
686 2719 777 2809 quin
803 2738 872 2790 nos
899 2723 1079 2790 moneant
1105 2717 1302 2789 Plautinae

227 2866 409 2938 dictionis.
437 2865 562 2937 Verba
587 2865 799 2956 Apuleiana
812 2866 904 2936 haec
918 2867 1028 2936 sunt:
1058 2863 1302 2958 „homunculi

228 3014 411 3086 vibicibus
437 3013 625 3085 lividineis
650 3016 772 3085 totam
799 3015 926 3084 cutem
945 3010 1117 3104 depicti.''
1145 3011 1303 3083 Plautus

229 3161 387 3251 scripsit.
414 3160 521 3251 Epid.
549 3161 632 3231 625.
661 3161 730 3251 Sq:

232 3308 311 3402 „Ex
335 3307 412 3378 tuis
438 3308 563 3379 verbis
589 3327 719 3379 meum
745 3307 916 3378 futurum
941 3305 1085 3378 corium
1099 3303 1302 3395 pulchrum

277 3455 480 3547 praedicas,

230 3603 346 3692 Quem
374 3602 509 3693 Apella
534 3605 646 3692 atque
672 3602 812 3673 Zeuxis
838 3601 912 3672 duo
931 3601 1088 3691 pingent
1100 3599 1304 3690 pigmentis

279 3750 451 3822 ulmeis''

232 3896 402 3968 Verbum
428 3896 612 3987 effligendi
638 3899 684 3970 ab
707 3900 866 3987 utroque
892 3899 1055 4000 auctore,
1082 3899 1126 3970 ut
1140 3895 1211 3967 alio
1225 3894 1306 3966 loco

227 4045 307 4135 Jam
333 4045 510 4137 vidimus²
538 4048 752 4135 usurpatur.

280 4191 335 4263 De
362 4191 606 4264 cadaveribus
632 4192 796 4263 serarum
819 4191 962 4262 volucri
981 4189 1106 4280 generi
1120 4188 1306 4280 projectis,

233 4339 418 4430 Apuleius
452 4340 545 4411 haec
570 4339 683 4412 habet
709 4339 796 4411 Met.
824 4338 889 4410 Vl.
919 4339 976 4409 26.
1005 4338 1069 4408 20:
1113 4337 1307 4429 „protinus

233 4507 322 4560 eum
349 4487 526 4559 vulturiis
549 4487 807 4578 gratissimum
826 4485 1008 4577 pabulum
1022 4485 1193 4556 futurum
1207 4501 1308 4574 prae-
