3590 5734
970 673 1011 736 72

503 909 635 981 Restat
672 912 716 980 ut
753 908 937 979 addamus
976 907 1197 980 Genitivum
1231 908 1432 999 singularis
1467 929 1532 981 nu-

454 1057 548 1128 meri
585 1057 750 1150 „sordis”
787 1054 949 1147 Apuleio
976 1056 1075 1140 (Met.
1103 1055 1132 1127 I.
1160 1056 1218 1126 21.
1250 1056 1307 1143 16)
1333 1058 1371 1128 et
1396 1057 1531 1129 Plauto

453 1204 577 1292 (Poen.
605 1205 688 1290 315)
715 1221 969 1274 communem.

503 1351 679 1441 Sequitur
705 1353 748 1420 ut
773 1349 818 1421 de
843 1349 889 1420 iis
913 1348 1045 1420 formis
1071 1349 1252 1442 dicamus
1280 1369 1375 1440 quae
1398 1351 1444 1422 ab
1458 1351 1529 1422 usi-

452 1499 650 1572 tatioribus
676 1498 889 1588 discrepant
914 1497 1171 1570 declinatione.

501 1646 615 1736 Apud
651 1644 856 1736 Apuleium
904 1645 991 1717 Met.
1032 1644 1099 1715 Vl.
1129 1644 1184 1716 18.
1216 1643 1258 1716 12
1287 1644 1436 1735 Lipsius
1461 1645 1528 1716 lec-

451 1793 594 1864 tionem
628 1793 692 1864 dat
729 1791 888 1880 „senici”
924 1796 1037 1878 (nunc
1073 1792 1112 1861 in
1137 1791 1275 1882 Apulei
1301 1792 1528 1864 editionibus

452 1941 627 2012 scribitur
655 1939 804 2033 „seni'')‚
825 1939 871 2010 ad
886 1940 992 2029 cuius
1006 1939 1111 2010 vocis
1125 1938 1413 2011 declinationem
1428 1958 1527 2030 spec-

451 2092 508 2160 tat
542 2087 832 2178 deminutivum,
869 2086 968 2177 quod
1001 2086 1041 2156 in
1075 2105 1150 2157 uno
1181 2085 1342 2176 Apuleio
1369 2087 1469 2172 (Met.
1497 2086 1524 2157 l.

453 2237 509 2308 25.
549 2237 604 2322 18)
635 2237 760 2307 exstat
788 2232 1034 2327 „seniculus''.
1061 2232 1276 2304 Priscianus
1301 2233 1410 2304 nobis
1436 2232 1526 2322 frag·
1617 2305 1622 2317 ,

452 2387 625 2454 mentum
651 2381 869 2454 Plautinum
896 2381 1065 2453 servavit
1089 2382 1134 2467 (3.
1152 2382 1208 2472 38,
1224 2381 1256 2451 6.
1275 2380 1333 2466 el)
1360 2380 1525 2452 similem

451 2529 613 2602 formam
638 2530 821 2620 praebens
849 2529 1029 2622 „senicis”
1068 2527 1170 2600 (lons.
1199 2527 1321 2600 Plaut.
1349 2528 1523 2600 Bacchid.

452 2679 542 2750 205:
573 2677 794 2770 „senicem”

501 2824 790 2896 Substantivum
832 2823 1069 2917 „sequester”
1108 2823 1244 2913 legitur
1281 2822 1395 2914 Apul.
1435 2823 1523 2894 Met.

452 2971 517 3044 Vl.
534 2973 591 3043 31.
608 2972 672 3043 24:
703 2991 794 3065 „nec
814 2991 884 3043 vos
906 2971 1090 3042 memoria
1103 2969 1268 3041 deseruit
1281 2971 1411 3061 otique
1426 2971 1525 3061 quod

444 3119 526 3209 Jam
559 3120 701 3190 dudum
728 3118 967 3190 decreveritis
994 3118 1038 3188 de
1065 3117 1137 3188 isto
1165 3117 1269 3188 asino
1297 3135 1447 3207 semper
1472 3117 1523 3208 pi-

448 3286 514 3357 gro
541 3267 703 3358 quidem,
742 3265 807 3338 sed
829 3265 1065 3336 manducone
1090 3283 1253 3355 summe,
1280 3266 1523 3337 nuncetiam

449 3413 619 3485 mendaci
653 3412 760 3484 fictae
793 3409 996 3483 debilitatis
1031 3414 1069 3482 et
1102 3410 1295 3500 virginalis
1328 3412 1436 3503 fugae
1470 3433 1522 3486 se·

448 3562 598 3648 questro
625 3558 908 3648 ministroque.''
936 3558 973 3630 is
999 3559 1187 3630 ablativus
1212 3561 1375 3650 pertinet
1400 3560 1446 3632 ad
1465 3561 1522 3633 de-

447 3705 688 3776 clinationem
722 3706 1059 3796 substantivorum,
1094 3724 1255 3794 quorum
1287 3708 1402 3798 stirps
1427 3707 1522 3780 litte-

447 3872 528 3924 ram
551 3873 572 3924 o
594 3852 744 3924 finalem
764 3852 887 3944 habet,
912 3853 1011 3941 quod
1026 3852 1202 3924 abhorret
1215 3854 1261 3925 ab
1275 3874 1346 3925 usu
1360 3854 1520 3948 linguae,

447 4020 562 4090 quam
601 4004 747 4093 vocant,
787 4000 972 4070 classicae.
1025 3999 1097 4070 Sed
1134 3999 1319 4091 Apuleius
1346 4003 1520 4094 exemplo

443 4168 520 4219 non
548 4149 678 4218 caruit.
714 4146 938 4238 Reperimus
964 4146 1065 4218 enim
1090 4148 1190 4237 apud
1216 4149 1395 4220 Plautum
1421 4152 1517 4224 Rud.

444 4296 538 4368 1004
567 4294 850 4388 „sequestrum”
878 4293 985 4380 (conf.
1008 4293 1132 4366 Plaut.
1151 4295 1224 4367 Vid
1238 4298 1338 4388 apud
1352 4298 1467 4370 Prisc.
1483 4301 1517 4372 6.
