3516 5730
742 723 803 787 103

224 964 320 1036 leius
341 964 486 1054 priseae
499 964 648 1052 linguae
662 965 701 1034 et
713 963 881 1033 maxime
895 962 1072 1052 antiquae
1085 962 1300 1034 comoediae

226 1115 269 1183 ut
306 1115 365 1182 est
394 1110 692 1202 amantissimus
719 1111 1030 1200 quotiescumque
1055 1111 1126 1182 sibi
1151 1110 1301 1201 aliquod

228 1245 371 1332 dictum
401 1279 497 1351 opus
522 1263 591 1350 est,
618 1278 665 1330 ex
691 1277 735 1330 eo
761 1257 1033 1331 vocabulorum
1046 1258 1235 1349 thesauro,
1260 1263 1302 1330 ut

226 1407 382 1497 perenni
408 1405 511 1477 fonte
541 1405 678 1489 haurit,
705 1408 748 1476 ut
774 1405 832 1476 sui
859 1406 982 1495 operis
1007 1425 1188 1496 personae
1214 1426 1302 1479 vere

228 1554 403 1625 Plautino
430 1554 451 1624 i.
468 1573 498 1624 e.
514 1552 726 1644 plebeculae
741 1553 816 1622 ritu
829 1551 1041 1642 loquantur.
1069 1553 1304 1643 Reputemus

228 1701 353 1792 igitur,
381 1699 470 1791 quid
496 1720 544 1771 ex
570 1699 694 1770 Plauti
719 1698 853 1770 fabulis
879 1699 1164 1790 deprompserit.

278 1846 417 1918 Statim
459 1847 610 1918 animus
648 1847 756 1918 nobis
794 1847 1028 1918 convertitur
1067 1848 1113 1919 ad
1152 1848 1301 1920 illorum

231 1994 500 2067 vocabulorum
510 1995 669 2086 copiam,
685 2013 779 2084 quae
793 1994 866 2066 alia
878 1995 1079 2068 blanditias
1093 1998 1130 2068 et
1142 1999 1305 2068 assenta-

231 2143 362 2233 tiones,
402 2141 474 2211 alia
509 2141 678 2212 convicia
703 2142 1056 2232 exsecrationesque
1082 2143 1303 2233 significant.

232 2288 276 2361 ln
314 2289 684 2379 nretamorphosibus
717 2289 884 2378 legendis
910 2292 948 2360 et
972 2289 1179 2380 relegendis
1204 2291 1305 2364 illius

232 2437 378 2528 generis
403 2435 639 2526 repperimus
665 2435 775 2506 haec:

282 2584 498 2656 Pronomen
524 2583 786 2674 possessivum
812 2585 1015 2656 sescenties
1040 2586 1226 2657 vocativis
1247 2587 1306 2658 ad-

234 2733 346 2824 ditur,
374 2734 417 2803 ut
443 2731 607 2818 amantis
633 2734 671 2802 et
684 2731 910 2804 blandientis
923 2734 1073 2804 animus
1086 2735 1307 2825 perspicuus

233 2880 412 2952 reddatur
436 2878 549 2969 Apul.
577 2879 665 2950 Met.
693 2877 721 2949 l.
749 2879 782 2950 6.
813 2879 843 2971 1,
874 2880 929 2951 11.
958 2881 1015 2971 28,
1046 2880 1101 2951 17.
1125 2881 1307 2972 3aliaque

233 3029 387 3120 passim.
415 3027 509 3099 conf.
537 3027 658 3099 Plaut.
687 3026 768 3099 Oas.
796 3028 878 3119 580,
907 3029 988 3100 588.
1017 3026 1106 3100 Oist.
1123 3029 1180 3099 53.
1204 3028 1305 3101 Pers.

234 3177 315 3248 620.
344 3175 491 3266 aliaque
516 3175 670 3265 passim.

281 3321 423 3394 Blande
449 3321 677 3392 diminutiva
701 3323 895 3411 ponuntur
920 3320 1033 3412 Apul.
1061 3323 1149 3415 Met,
1176 3323 1243 3396 IX.
1271 3325 1304 3396 5.

234 3470 291 3541 23.
327 3468 449 3541 Plaut.
477 3468 559 3541 Cas.
589 3469 669 3560 700,
700 3470 780 3560 762,
808 3469 899 3540 840;
929 3469 1167 3563 „uxorcula”
1194 3472 1307 3563 Apul.

235 3618 321 3689 ldet.
357 3616 404 3688 H.
435 3617 490 3689 10.
520 3618 558 3687 7;
591 3635 696 3709 „mea
720 3615 929 3687 testivitas’'
957 3622 1036 3707 (pro
1064 3637 1149 3690 mea
1173 3619 1309 3692 festiva

235 3765 371 3857 puella)
397 3766 519 3837 Plaut.
548 3764 630 3838 Cas.
660 3765 740 3857 405,
769 3765 850 3856 577,
865 3764 977 3836 Poen.
995 3765 1076 3837 380.
1093 3766 1204 3857 Apul.
1220 3768 1308 3839 Met.

236 3914 280 3985 V.
318 3914 351 3984 0.
379 3914 444 3985 2οῑ
475 3911 639 4004 „mellite
666 3911 730 4002 mi,
759 3911 812 3982 mi
839 3909 1009 3982 marite.”
1061 3912 1262 4002 Adjectivo
1289 3935 1310 3985 a

235 4061 475 4133 substantivo
504 4058 624 4151 „mel”
654 4058 765 4149 (quod
787 4043 946 4130 Plautus
960 4061 997 4130 et
1011 4059 1137 4150 ipsum
1152 4064 1310 4152 usurpat

235 4208 332 4280 inter
357 4207 558 4279 blanditias
584 4206 757 4277 Bacchid.
780 4205 891 4277 1197:
922 4205 1019 4299 „mel
1034 4207 1186 4277 meum’'
1202 4205 1308 4279 Ouro.

240 4357 318 4446 104,
346 4356 445 4426 Trin.
475 4355 555 4446 244,
585 4355 692 4425 Truc.
709 4355 792 4440 528)
807 4354 965 4426 deducto
980 4355 1100 4425 utitur
1112 4355 1308 4446 ApuleJus.

237 4504 362 4576 Etiam
388 4503 661 4574 diminutivum
688 4503 726 4573 in
754 4521 816 4573 ore
834 4503 998 4574 amantis
1012 4505 1184 4575 versatur
1197 4503 1309 4599 Apul.
