3590 5734
990 737 1031 801 76

522 972 636 1064 Apul.
672 974 759 1046 Met.
787 973 872 1046 Vll.
901 975 958 1047 26.
990 975 1053 1046 1οε
1083 977 1219 1068 „ceput
1246 993 1394 1065 quoque
1420 974 1547 1065 ipsum

472 1121 639 1211 pessimo
665 1121 738 1192 isto
764 1123 870 1194 asino
896 1121 1121 1194 demetere.''

522 1267 636 1359 Apul.
663 1268 751 1340 Met.
778 1268 845 1340 Xl.
876 1269 931 1341 15.
962 1269 1023 1340 10:
1061 1269 1199 1362 „Sume
1219 1269 1548 1360 jemvultumlee-

471 1415 607 1486 tiorem
621 1415 778 1487 candido
797 1417 871 1487 isto
884 1415 1017 1488 habitu
1028 1418 1095 1488 tuo
1109 1416 1415 1505 congruentem?
1442 1415 1546 1488 Plau-

469 1564 533 1634 tus
559 1581 707 1652 quoque
731 1562 869 1635 talibus
894 1562 1026 1634 formis
1051 1582 1144 1634 usus
1170 1565 1239 1655 est,
1267 1564 1337 1634 etsi
1364 1583 1441 1635 non
1463 1583 1544 1634 con·

469 1713 546 1782 stet
564 1711 845 1782 nominativum
861 1707 1017 1803 ‚‚istus”,
1033 1730 1145 1801 quem
1159 1710 1232 1782 duo
1247 1711 1393 1783 codices
1406 1711 1546 1782 habent

470 1858 517 1930 ad
556 1858 632 1929 Mil.
672 1858 762 1948 glor.
801 1859 894 1930 1233
929 1858 1119 1930 sincerum
1145 1877 1236 1930 esse.
1265 1857 1439 1931 Conferre
1465 1878 1545 1949 pos-

470 2025 605 2078 sumus
631 2005 750 2078 Pleut.
778 2006 885 2078 Truc.
915 2006 996 2078 100.

518 2152 634 2225 Porro
657 2153 874 2224 invenimus
886 2153 1000 2244 Apul.
1016 2154 1112 2244 apol.
1128 2155 1193 2224 0οῑ
1224 2154 1337 2246 „haec
1354 2153 1493 2226 damna
1506 2156 1543 2224 et

470 2302 651 2373 dedecora
689 2321 840 2373 morum
879 2303 959 2373 eius
993 2305 1128 2392 patruo
1167 2303 1256 2373 huic
1282 2305 1319 2374 11
1345 2301 1542 2374 candidato

469 2449 533 2520 illo
548 2467 676 2521 socero
690 2448 949 2540 assignanda‚'.’
964 2467 1127 2538 quocum
1142 2449 1223 2520 loco
1237 2448 1343 2520 Neue
1357 2448 1543 2534 (Formen-

469 2597 581 2668 lehre.
626 2595 674 2667 Π.
713 2615 796 2686 pag.
841 2595 937 2687 42l‚)
970 2596 1097 2686 jungit
1135 2595 1255 2668 Plaut.
1296 2596 1411 2668 Stich.
1451 2597 1541 2668 50οε

473 2744 628 2838 „hercle
666 2744 729 2835 qui
763 2762 923 2834 aequom
950 2743 1165 2834 postulabat
1190 2743 1252 2814 ille
1277 2762 1404 2836 senex,
1432 2764 1543 2834 quan·

469 2893 670 2982 doquidem
696 2891 810 2963 Filiae
836 2890 920 2962 illae
945 2891 1097 2963 dederat
1123 2891 1262 2982 dotem,
1290 2891 1457 2980 accipere
1474 2910 1542 2982 pro

468 3040 655 3113 tibicine.”
683 3045 742 3126 (ex
767 3039 983 3110 recensione
1008 3037 1175 3124 Goetzii).

519 3186 708 3259 Novimus
729 3187 768 3257 in
781 3185 916 3257 fabulis
928 3186 1159 3257 comicorum
1174 3185 1376 3257 sescenties
1389 3186 1542 3276 reperiri

469 3334 619 3426 formas,
643 3333 770 3424 quales
792 3337 882 3405 sunt
897 3333 1055 3427 „eccille
1071 3333 1207 3423 eccilli,
1224 3330 1414 3404 eccillud.”
1442 3331 1542 3423 Apu-

468 3480 563 3553 leius
588 3480 654 3552 tali
679 3481 801 3553 forme
826 3501 917 3552 usus
940 3484 998 3552 est
1015 3482 1172 3572 1110153.
1200 3480 1302 3554 Conf.
1318 3481 1438 3553 Pluut.
1454 3480 1540 3552 Aul.

471 3627 552 3720 781,
579 3627 655 3699 Mil.
683 3627 773 3717 glor.
803 3628 873 3699 780
898 3631 936 3699 11
961 3628 1116 3718 passim.

518 3775 741 3847 Ablativum
792 3776 1028 3865 pronominis
1078 3776 1225 3848 relativi
1276 3780 1314 3848 et
1359 3776 1542 3848 indefiniti

468 3922 591 4012 prisco
629 3940 803 3992 sermone
839 3921 973 3994 Latino
1014 3924 1123 4016 „qui”
1162 3945 1229 4015 pro
1258 3925 1378 4018 „quo”
1404 3925 1443 3997 in
1470 3945 1541 3996 usu

468 4088 550 4140 esse
588 4068 701 4160 lippis
739 4071 777 4140 et
813 4070 1029 4142 tonsoribus
1046 4086 1049 4091 ’
1066 4077 1202 4144 notum
1243 4077 1310 4146 est.
1358 4074 1543 4164 Apuleius

467 4216 599 4288 eedem
637 4217 791 4306 antiqua
828 4215 949 4288 formu
987 4237 1079 4289 usus
1117 4223 1174 4290 est
1212 4220 1324 4310 Apul.
1361 4221 1469 4293 florid
1499 4221 1542 4293 18

467 4383 550 4454 pag.
591 4364 648 4434 29.
689 4363 721 4436 4.
757 4365 863 4452 (conf.
898 4366 1019 4437 Pleut.
1048 4367 1153 4459 Cepi.
1181 4370 1263 4442 828.
1291 4370 1408 4457 (Cam)
1437 4371 1541 4443 1003.

470 4510 596 4603 1004),
641 4512 706 4582 sed
747 4516 786 4585 et
832 4514 870 4584 in
909 4515 954 4585 iis
994 4518 1281 4606 pronominibus
1319 4521 1540 4618 indefinitis,
