3516 5730
716 723 758 786 93

252 959 367 1054 „nihil
383 957 612 1051 quidquam''
627 957 813 1050 Apuleius
828 960 997 1048 usurpat.
1013 958 1100 1029 Met.
1115 953 1182 1029 iv.
1200 958 1231 1027 7.
1243 957 1277 1048 5,

202 1108 288 1179 VH.
305 1108 362 1178 25.
381 1107 438 1179 24.
454 1106 572 1179 florid.
588 1108 621 1177 9.
637 1125 720 1196 pag.
737 1108 770 1176 d.
789 1106 851 1176 13:
882 1105 997 1198 ,1111111
1016 1104 1221 1195 quidquam
1236 1104 1280 1174 si-

202 1257 258 1327 nit
271 1255 558 1345 neglegenter...
574 1252 741 1325 hiscere''
769 1251 840 1339 (ita
852 1251 1152 1344 Hildebrandius
1164 1253 1279 1324 Krue·

203 1423 283 1492 ger:
303 1401 418 1494 „nihii
428 1401 679 1490 nequicquam
690 1401 780 1471 sinit
789 1395 1278 1498 [neglegenter]...hiscere‚’'

204 1551 339 1641 quibus
375 1549 420 1620 de
446 1548 735 1638 pronominibus
763 1547 974 1637 conjunctis
1000 1547 1282 1618 Kretschmann

203 1718 286 1789 pag.
315 1697 373 1768 93.
402 1695 565 1767 affirmat
590 1695 797 1785 Apuleium
826 1714 870 1766 ea
895 1695 1102 1766 eTerentio
1116 1694 1280 1786 petiisse,

206 1846 268 1934 qui
307 1842 495 1934 plurimus
534 1845 601 1914 931·
630 1843 669 1912 iu
694 1842 778 1914 illis.
813 1842 943 1933 Neque
969 1845 1100 1915 tamen
1125 1842 1283 1914 Plautus

210 2011 280 2062 nos
306 1989 417 2081 plane
444 1989 617 2061 destituit
643 1988 736 2060 conf.
765 1989 864 2060 Trin.
893 1990 975 2060 869.

254 2138 368 2228 Apul.
397 2138 484 2208 Met.
512 2136 578 2208 IV.
595 2137 627 2207 2.
648 2136 702 2207 13.
730 2135 848 2226 Apol:
877 2138 907 2207 7.
933 2137 1284 2228 „nemoquisquam

207 2285 320 2356 fuerit
358 2281 509 2356 ausus'’
549 2283 598 2354 Et
635 2284 748 2374 hujus
782 2283 1039 2374 usurpationis
1065 2283 1285 2375 exemplum

209 2431 309 2522 apud
337 2430 515 2502 Plautum
542 2433 669 2502 exstat
695 2429 777 2503 Oas.
808 2432 912 2503 1008.

258 2579 364 2667 Quod
390 2578 436 2649 ad
462 2580 586 2670 verba,
614 2578 690 2649 fere
715 2578 809 2649 1111111
835 2581 903 2670 931,
931 2578 1030 2669 quod
1056 2579 1109 2649 ita
1134 2579 1180 2650 ab
1204 2577 1287 2650 aliis

209 2727 354 2798 solutae
397 2725 577 2798 orationis
611 2725 857 2816 scriptoribus
892 2726 1101 2817 abhorreat,
1126 2728 1189 2796 'ut
1226 2726 1288 2797 hic

210 2874 500 2945 commemorari
526 2892 621 2964 opus
647 2873 706 2944 311.
740 2873 935 2965 Apuleius,
963 2873 1000 2944 id
1031 2876 1182 2944 tantum
1208 2893 1288 2964 pro·

209 3021 304 3093 19119
329 3021 427 3110 volo,
454 3021 667 3112 permultus
693 3023 750 3092 est
776 3022 814 3092 in
837 3022 976 3093 utendo
991 3021 1183 3093 infinitivo
1199 3041 1288 3093 cum

211 3168 407 3258 adjectivis
432 3170 470 3238 91
495 3167 630 3259 verbis,
655 3169 880 3258 quibuscum
902 3170 1057 3242 meliore
1070 3172 1193 3242 aetate
1207 3189 1290 3241 con-

206 3317 365 3406 junctus
399 3334 481 3386 esse
514 3334 590 3386 non
625 3314 778 3387 soiebat.
831 3315 926 3388 Oum
958 3320 1086 3389 autem
1111 3317 1173 3388 hic
1198 3337 1291 3389 1313

212 3483 259 3533 ne
286 3461 453 3552 optimae
479 3462 613 3532 aetatis
639 3462 791 3551 quidem
817 3463 938 3553 poetis
964 3463 1116 3553 ignotus
1139 3465 1291 3536 inusita-

214 3610 326 3679 tusve
362 3612 472 3700 93391,
512 3608 582 3679 hac
608 3608 653 3680 de
679 3629 719 3680 re
744 3612 925 3681 tacemus.
980 3611 1111 3683 Unum
1137 3613 1292 3683 tantum

214 3755 445 3846 exemplum,
474 3757 581 3846 qu'us
607 3759 644 3827 et
670 3756 794 3828 Plauti
821 3758 1053 3830 consuetudo
1079 3758 1292 3852 931131119-

215 3924 312 3976 mus
341 3904 410 3975 Est
435 3904 539 3975 verbi
565 3904 740 3975 veniendi
763 3924 850 3976 eum
866 3904 1058 3978 Infinitive
1073 3907 1291 3979 constructi.

216 4051 329 4142 Apul.
366 4051 453 4122 Met.
490 4050 556 4121 VI.
584 4052 616 4122 9.
647 4050 711 4122 14:
754 4054 959 4144 „maritum
986 4055 1208 4126 intervisere
1234 4075 1293 4127 ve-

217 4198 341 4269 nisti.''
381 4197 524 4270 Confer.
564 4197 685 4269 Plaut.
725 4199 821 4271 Rud.
862 4202 909 4272 94
945 4201 1014 4294 „ad
1049 4201 1181 4273 fanum
1207 4202 1294 4274 veni

217 4347 373 4417 visere.''

266 4493 428 4565 Restant
454 4492 648 4583 quaedam,
677 4509 773 4580 quae
787 4488 874 4578 quia
887 4487 1064 4577 pauciora
1078 4489 1295 4575 suntquam
