<?xml version="1.0" encoding="UTF-8"?>
<!DOCTYPE html PUBLIC "-//W3C//DTD XHTML 1.0 Transitional//EN"
    "http://www.w3.org/TR/xhtml1/DTD/xhtml1-transitional.dtd">
<html xmlns="http://www.w3.org/1999/xhtml" xml:lang="en" lang="en">
 <head>
  <title>
</title>
<meta http-equiv="Content-Type" content="text/html;charset=utf-8" />
  <meta name='ocr-system' content='tesseract 3.04.00' />
  <meta name='ocr-capabilities' content='ocr_page ocr_carea ocr_par ocr_line ocrx_word'/>
</head>
<body>
  <div class='ocr_page' id='page_1' title='image "./deapuleistudiis00unkngoog_0152.png"; bbox 0 0 3516 5730; ppageno 0'>
   <div class='ocr_carea' id='block_1_1' title="bbox 721 665 784 728">
    <p class='ocr_par' dir='ltr' id='par_1_1' title="bbox 721 665 784 728">
     <span class='ocr_line' id='line_1_1' title="bbox 721 665 784 728; baseline 0 0"><span class='ocrx_word' id='word_1_1' title='bbox 721 665 784 728; x_wconf 85' lang='lat'>135</span> 
     </span>
    </p>
   </div>
   <div class='ocr_carea' id='block_1_2' title="bbox 710 877 798 940">
    <p class='ocr_par' dir='ltr' id='par_1_2' title="bbox 710 877 798 940">
     <span class='ocr_line' id='line_1_2' title="bbox 710 877 798 940; baseline 0 -1"><span class='ocrx_word' id='word_1_2' title='bbox 710 877 798 940; x_wconf 88' lang='lat' dir='ltr'>VIII.</span> 
     </span>
    </p>
   </div>
   <div class='ocr_carea' id='block_1_3' title="bbox 218 1040 1290 1472">
    <p class='ocr_par' dir='ltr' id='par_1_3' title="bbox 253 1040 726 1110">
     <span class='ocr_line' id='line_1_3' title="bbox 253 1040 726 1110; baseline 0.002 -16"><span class='ocrx_word' id='word_1_3' title='bbox 253 1041 337 1109; x_wconf 84' lang='lat' dir='ltr'>Apul.</span> <span class='ocrx_word' id='word_1_4' title='bbox 356 1040 424 1095; x_wconf 88' lang='lat' dir='ltr'>Met.</span> <span class='ocrx_word' id='word_1_5' title='bbox 443 1040 496 1095; x_wconf 90' lang='lat' dir='ltr'>IX.</span> <span class='ocrx_word' id='word_1_6' title='bbox 516 1055 579 1110; x_wconf 81' lang='lat' dir='ltr'>pag.</span> <span class='ocrx_word' id='word_1_7' title='bbox 598 1041 658 1095; x_wconf 84' lang='lat'>209.</span> <span class='ocrx_word' id='word_1_8' title='bbox 679 1041 726 1095; x_wconf 82' lang='lat'>18:</span> 
     </span>
    </p>

    <p class='ocr_par' dir='ltr' id='par_1_4' title="bbox 218 1161 1290 1472">
     <span class='ocr_line' id='line_1_4' title="bbox 254 1161 1290 1233; baseline 0.002 -16"><span class='ocrx_word' id='word_1_9' title='bbox 254 1163 301 1233; x_wconf 79' lang='lat' dir='ltr'>„tu</span> <span class='ocrx_word' id='word_1_10' title='bbox 329 1161 449 1217; x_wconf 87' lang='lat' dir='ltr'>autcm”</span> <span class='ocrx_word' id='word_1_11' title='bbox 476 1161 573 1230; x_wconf 86' lang='lat' dir='ltr'>inquit</span> <span class='ocrx_word' id='word_1_12' title='bbox 601 1162 679 1232; x_wconf 80' lang='lat' dir='ltr'>„tam</span> <span class='ocrx_word' id='word_1_13' title='bbox 705 1161 800 1216; x_wconf 87' lang='lat' dir='ltr'>mollis</span> <span class='ocrx_word' id='word_1_14' title='bbox 825 1176 858 1216; x_wconf 91' lang='lat' dir='ltr'>ac</span> <span class='ocrx_word' id='word_1_15' title='bbox 883 1163 968 1216; x_wconf 83' lang='lat' dir='ltr'>tener</span> <span class='ocrx_word' id='word_1_16' title='bbox 992 1163 1023 1216; x_wconf 84' lang='lat' dir='ltr'>et</span> <span class='ocrx_word' id='word_1_17' title='bbox 1041 1163 1198 1218; x_wconf 80' lang='lat' dir='ltr'>admodum</span> <span class='ocrx_word' id='word_1_18' title='bbox 1217 1179 1290 1232; x_wconf 90' lang='lat' dir='ltr'>puer</span> 
     </span>
     <span class='ocr_line' id='line_1_5' title="bbox 219 1281 1290 1352; baseline 0.003 -15"><span class='ocrx_word' id='word_1_19' title='bbox 219 1281 393 1338; x_wconf 82' lang='lat' dir='ltr'>defraudatis</span> <span class='ocrx_word' id='word_1_20' title='bbox 412 1283 592 1338; x_wconf 74' lang='lat' dir='ltr'>amatoribus</span> <span class='ocrx_word' id='word_1_21' title='bbox 611 1283 717 1338; x_wconf 87' lang='lat' dir='ltr'>aetatis</span> <span class='ocrx_word' id='word_1_22' title='bbox 736 1285 805 1338; x_wconf 90' lang='lat' dir='ltr'>tuae</span> <span class='ocrx_word' id='word_1_23' title='bbox 824 1283 894 1338; x_wconf 91' lang='lat' dir='ltr'>iiore</span> <span class='ocrx_word' id='word_1_24' title='bbox 913 1283 1051 1338; x_wconf 87' lang='lat' dir='ltr'>mulieres</span> <span class='ocrx_word' id='word_1_25' title='bbox 1069 1284 1183 1352; x_wconf 80' lang='lat' dir='ltr'>adpetis</span> <span class='ocrx_word' id='word_1_26' title='bbox 1201 1285 1290 1352; x_wconf 84' lang='lat' dir='ltr'>utque</span> 
     </span>
     <span class='ocr_line' id='line_1_6' title="bbox 218 1402 977 1472; baseline 0 -14"><span class='ocrx_word' id='word_1_27' title='bbox 218 1417 266 1458; x_wconf 87' lang='lat' dir='ltr'>eas</span> <span class='ocrx_word' id='word_1_28' title='bbox 282 1402 388 1458; x_wconf 88' lang='lat' dir='ltr'>liberas</span> <span class='ocrx_word' id='word_1_29' title='bbox 406 1405 437 1458; x_wconf 83' lang='lat' dir='ltr'>et</span> <span class='ocrx_word' id='word_1_30' title='bbox 455 1403 579 1458; x_wconf 86' lang='lat' dir='ltr'>conubia</span> <span class='ocrx_word' id='word_1_31' title='bbox 598 1403 660 1472; x_wconf 89' lang='lat' dir='ltr'>lege</span> <span class='ocrx_word' id='word_1_32' title='bbox 679 1403 788 1458; x_wconf 85' lang='lat' dir='ltr'>sociata</span> <span class='ocrx_word' id='word_1_33' title='bbox 806 1404 977 1472; x_wconf 84' lang='lat' dir='ltr'>corrumpis.</span> 
     </span>
    </p>
   </div>
   <div class='ocr_carea' id='block_1_4' title="bbox 252 1522 1202 1594">
    <p class='ocr_par' dir='ltr' id='par_1_5' title="bbox 252 1522 1202 1594">
     <span class='ocr_line' id='line_1_7' title="bbox 252 1522 1202 1594; baseline 0.001 -15"><span class='ocrx_word' id='word_1_34' title='bbox 252 1539 301 1592; x_wconf 91' lang='lat' dir='ltr'>pro</span> <span class='ocrx_word' id='word_1_35' title='bbox 322 1523 462 1594; x_wconf 85' lang='lat' dir='ltr'>„conubia</span> <span class='ocrx_word' id='word_1_36' title='bbox 481 1523 544 1592; x_wconf 90' lang='lat' dir='ltr'>lege</span> <span class='ocrx_word' id='word_1_37' title='bbox 561 1522 685 1578; x_wconf 59' lang='lat' dir='ltr'>sociatu</span> <span class='ocrx_word' id='word_1_38' title='bbox 705 1524 768 1592; x_wconf 89' lang='lat' dir='ltr'>lege</span> <span class='ocrx_word' id='word_1_39' title='bbox 791 1523 949 1594; x_wconf 75' lang='lat' dir='ltr'>„conubiali</span> <span class='ocrx_word' id='word_1_40' title='bbox 970 1524 1031 1593; x_wconf 88' lang='lat' dir='ltr'>lego</span> <span class='ocrx_word' id='word_1_41' title='bbox 1052 1523 1202 1580; x_wconf 86' lang='lat' dir='ltr'>sociatas&#39;&#39;.</span> 
     </span>
    </p>
   </div>
   <div class='ocr_carea' id='block_1_5' title="bbox 254 1720 783 1950">
    <p class='ocr_par' dir='ltr' id='par_1_6' title="bbox 254 1720 783 1950">
     <span class='ocr_line' id='line_1_8' title="bbox 723 1720 783 1784; baseline 0 0"><span class='ocrx_word' id='word_1_42' title='bbox 723 1720 783 1784; x_wconf 90' lang='lat' dir='ltr'>IX.</span> 
     </span>
     <span class='ocr_line' id='line_1_9' title="bbox 254 1881 706 1950; baseline 0 -14"><span class='ocrx_word' id='word_1_43' title='bbox 254 1882 338 1950; x_wconf 86' lang='lat' dir='ltr'>Apul.</span> <span class='ocrx_word' id='word_1_44' title='bbox 357 1882 425 1937; x_wconf 87' lang='lat' dir='ltr'>Met.</span> <span class='ocrx_word' id='word_1_45' title='bbox 444 1881 482 1937; x_wconf 91' lang='lat' dir='ltr'>X.</span> <span class='ocrx_word' id='word_1_46' title='bbox 501 1897 565 1950; x_wconf 86' lang='lat' dir='ltr'>pag.</span> <span class='ocrx_word' id='word_1_47' title='bbox 584 1881 645 1938; x_wconf 84' lang='lat'>228.</span> <span class='ocrx_word' id='word_1_48' title='bbox 665 1883 706 1937; x_wconf 92' lang='lat' dir='ltr'>ll.</span> 
     </span>
    </p>
   </div>
   <div class='ocr_carea' id='block_1_6' title="bbox 255 2001 1034 2192">
    <p class='ocr_par' dir='ltr' id='par_1_7' title="bbox 255 2001 1034 2192">
     <span class='ocr_line' id='line_1_10' title="bbox 255 2001 1034 2072; baseline 0.001 -14"><span class='ocrx_word' id='word_1_49' title='bbox 255 2003 359 2058; x_wconf 81' lang='lat' dir='ltr'>eximie</span> <span class='ocrx_word' id='word_1_50' title='bbox 379 2003 459 2057; x_wconf 90' lang='lat' dir='ltr'>enim</span> <span class='ocrx_word' id='word_1_51' title='bbox 478 2003 515 2056; x_wconf 87' lang='lat' dir='ltr'>ad</span> <span class='ocrx_word' id='word_1_52' title='bbox 534 2001 668 2058; x_wconf 85' lang='lat' dir='ltr'>veritatis</span> <span class='ocrx_word' id='word_1_53' title='bbox 686 2002 844 2072; x_wconf 78' lang='lat' dir='ltr'>imaginem</span> <span class='ocrx_word' id='word_1_54' title='bbox 866 2003 1034 2070; x_wconf 88' lang='lat' dir='ltr'>[simulata].</span> 
     </span>
     <span class='ocr_line' id='line_1_11' title="bbox 255 2121 900 2192; baseline -0.005 -14"><span class='ocrx_word' id='word_1_55' title='bbox 255 2138 304 2192; x_wconf 91' lang='lat' dir='ltr'>pro</span> <span class='ocrx_word' id='word_1_56' title='bbox 325 2122 502 2189; x_wconf 87' lang='lat' dir='ltr'>[simulata]&#39;’</span> <span class='ocrx_word' id='word_1_57' title='bbox 522 2121 679 2190; x_wconf 86' lang='lat' dir='ltr'>legendum</span> <span class='ocrx_word' id='word_1_58' title='bbox 700 2121 900 2192; x_wconf 82' lang='lat' dir='ltr'>„imaginata&#39;&#39;.</span> 
     </span>
    </p>
   </div>
   <div class='ocr_carea' id='block_1_7' title="bbox 736 2317 780 2380">
    <p class='ocr_par' dir='ltr' id='par_1_8' title="bbox 736 2317 780 2380">
     <span class='ocr_line' id='line_1_12' title="bbox 736 2317 780 2380; baseline -0.045 0"><span class='ocrx_word' id='word_1_59' title='bbox 736 2317 780 2380; x_wconf 90' lang='lat' dir='ltr'>X.</span> 
     </span>
    </p>
   </div>
   <div class='ocr_carea' id='block_1_8' title="bbox 222 2480 1296 3154">
    <p class='ocr_par' dir='ltr' id='par_1_9' title="bbox 256 2480 627 2549">
     <span class='ocr_line' id='line_1_13' title="bbox 256 2480 627 2549; baseline -0.003 -13"><span class='ocrx_word' id='word_1_60' title='bbox 256 2481 339 2549; x_wconf 84' lang='lat' dir='ltr'>Apul.</span> <span class='ocrx_word' id='word_1_61' title='bbox 359 2481 427 2538; x_wconf 88' lang='lat' dir='ltr'>Met.</span> <span class='ocrx_word' id='word_1_62' title='bbox 446 2480 499 2535; x_wconf 89' lang='lat' dir='ltr'>XI.</span> <span class='ocrx_word' id='word_1_63' title='bbox 516 2481 577 2535; x_wconf 83' lang='lat'>256.</span> <span class='ocrx_word' id='word_1_64' title='bbox 597 2481 627 2535; x_wconf 84' lang='lat'>2:</span> 
     </span>
    </p>

    <p class='ocr_par' dir='ltr' id='par_1_10' title="bbox 222 2601 1296 3032">
     <span class='ocr_line' id='line_1_14' title="bbox 254 2601 1294 2672; baseline 0.003 -17"><span class='ocrx_word' id='word_1_65' title='bbox 254 2602 459 2658; x_wconf 81' lang='lat' dir='ltr'>incunctanter</span> <span class='ocrx_word' id='word_1_66' title='bbox 484 2615 552 2670; x_wconf 90' lang='lat' dir='ltr'>ergo</span> <span class='ocrx_word' id='word_1_67' title='bbox 577 2601 696 2656; x_wconf 83' lang='lat' dir='ltr'>dimotis</span> <span class='ocrx_word' id='word_1_68' title='bbox 721 2601 843 2656; x_wconf 88' lang='lat' dir='ltr'>turbelis</span> <span class='ocrx_word' id='word_1_69' title='bbox 867 2601 961 2657; x_wconf 88' lang='lat' dir='ltr'>alacer</span> <span class='ocrx_word' id='word_1_70' title='bbox 985 2603 1136 2658; x_wconf 88' lang='lat' dir='ltr'>contiuare</span> <span class='ocrx_word' id='word_1_71' title='bbox 1156 2618 1294 2672; x_wconf 84' lang='lat' dir='ltr'>pompam</span> 
     </span>
     <span class='ocr_line' id='line_1_15' title="bbox 222 2723 1296 2791; baseline 0.004 -15"><span class='ocrx_word' id='word_1_72' title='bbox 222 2736 314 2779; x_wconf 89' lang='lat' dir='ltr'>meam</span> <span class='ocrx_word' id='word_1_73' title='bbox 348 2727 434 2790; x_wconf 82' lang='lat' dir='ltr'>[mea]</span> <span class='ocrx_word' id='word_1_74' title='bbox 463 2723 593 2779; x_wconf 88' lang='lat' dir='ltr'>volentia</span> <span class='ocrx_word' id='word_1_75' title='bbox 620 2723 715 2778; x_wconf 82' lang='lat' dir='ltr'>fretus</span> <span class='ocrx_word' id='word_1_76' title='bbox 743 2724 773 2778; x_wconf 92' lang='lat' dir='ltr'>et</span> <span class='ocrx_word' id='word_1_77' title='bbox 802 2723 836 2778; x_wconf 90' lang='lat' dir='ltr'>de</span> <span class='ocrx_word' id='word_1_78' title='bbox 865 2723 999 2791; x_wconf 85' lang='lat' dir='ltr'>proximo</span> <span class='ocrx_word' id='word_1_79' title='bbox 1027 2724 1188 2779; x_wconf 87' lang='lat' dir='ltr'>clementer</span> <span class='ocrx_word' id='word_1_80' title='bbox 1212 2725 1296 2780; x_wconf 86' lang='lat' dir='ltr'>velut</span> 
     </span>
     <span class='ocr_line' id='line_1_16' title="bbox 223 2843 1295 2914; baseline 0.004 -17"><span class='ocrx_word' id='word_1_81' title='bbox 223 2857 340 2898; x_wconf 78' lang='lat' dir='ltr'>manuni</span> <span class='ocrx_word' id='word_1_82' title='bbox 361 2843 520 2898; x_wconf 86' lang='lat' dir='ltr'>sacerdotis</span> <span class='ocrx_word' id='word_1_83' title='bbox 536 2843 755 2898; x_wconf 83' lang='lat' dir='ltr'>osculabundus</span> <span class='ocrx_word' id='word_1_84' title='bbox 771 2844 846 2898; x_wconf 83' lang='lat' dir='ltr'>rosis</span> <span class='ocrx_word' id='word_1_85' title='bbox 856 2843 1001 2911; x_wconf 82' lang='lat' dir='ltr'>decerptis</span> <span class='ocrx_word' id='word_1_86' title='bbox 1011 2844 1154 2911; x_wconf 87' lang='lat' dir='ltr'>pessimae</span> <span class='ocrx_word' id='word_1_87' title='bbox 1166 2846 1295 2914; x_wconf 87' lang='lat' dir='ltr'>mihique</span> 
     </span>
     <span class='ocr_line' id='line_1_17' title="bbox 224 2963 1223 3032; baseline 0.005 -16"><span class='ocrx_word' id='word_1_88' title='bbox 224 2963 399 3018; x_wconf 83' lang='lat' dir='ltr'>detestabilis</span> <span class='ocrx_word' id='word_1_89' title='bbox 415 2964 590 3031; x_wconf 87' lang='lat' dir='ltr'>jamdudum</span> <span class='ocrx_word' id='word_1_90' title='bbox 609 2964 711 3019; x_wconf 85' lang='lat' dir='ltr'>beluac</span> <span class='ocrx_word' id='word_1_91' title='bbox 731 2965 817 3019; x_wconf 86' lang='lat' dir='ltr'>istius</span> <span class='ocrx_word' id='word_1_92' title='bbox 837 2965 912 3019; x_wconf 92' lang='lat' dir='ltr'>corio</span> <span class='ocrx_word' id='word_1_93' title='bbox 933 2965 962 3020; x_wconf 86' lang='lat' dir='ltr'>te</span> <span class='ocrx_word' id='word_1_94' title='bbox 983 2965 1119 3032; x_wconf 85' lang='lat' dir='ltr'>protinus</span> <span class='ocrx_word' id='word_1_95' title='bbox 1138 2981 1223 3021; x_wconf 83' lang='lat' dir='ltr'>exue.</span> 
     </span>
    </p>

    <p class='ocr_par' dir='ltr' id='par_1_11' title="bbox 256 3083 599 3154">
     <span class='ocr_line' id='line_1_18' title="bbox 256 3083 599 3154; baseline 0.006 -18"><span class='ocrx_word' id='word_1_96' title='bbox 256 3083 437 3138; x_wconf 87' lang='lat' dir='ltr'>immovero:</span> <span class='ocrx_word' id='word_1_97' title='bbox 462 3083 599 3154; x_wconf 80' lang='lat' dir='ltr'>„exues”.</span> 
     </span>
    </p>
   </div>
   <div class='ocr_carea' id='block_1_9' title="bbox 257 3229 788 3462">
    <p class='ocr_par' dir='ltr' id='par_1_12' title="bbox 257 3229 788 3462">
     <span class='ocr_line' id='line_1_19' title="bbox 728 3229 788 3293; baseline 0.017 -1"><span class='ocrx_word' id='word_1_98' title='bbox 728 3229 788 3293; x_wconf 87' lang='lat' dir='ltr'>XI.</span> 
     </span>
     <span class='ocr_line' id='line_1_20' title="bbox 257 3391 734 3462; baseline -0.006 -14"><span class='ocrx_word' id='word_1_99' title='bbox 257 3394 342 3462; x_wconf 89' lang='lat' dir='ltr'>Apul.</span> <span class='ocrx_word' id='word_1_100' title='bbox 361 3393 429 3448; x_wconf 88' lang='lat' dir='ltr'>Met.</span> <span class='ocrx_word' id='word_1_101' title='bbox 448 3392 502 3448; x_wconf 89' lang='lat' dir='ltr'>XI.</span> <span class='ocrx_word' id='word_1_102' title='bbox 522 3406 585 3460; x_wconf 86' lang='lat' dir='ltr'>pag.</span> <span class='ocrx_word' id='word_1_103' title='bbox 603 3391 664 3446; x_wconf 81' lang='lat'>253.</span> <span class='ocrx_word' id='word_1_104' title='bbox 687 3391 734 3445; x_wconf 85' lang='lat'>15:</span> 
     </span>
    </p>
   </div>
   <div class='ocr_carea' id='block_1_10' title="bbox 258 3511 1100 3582">
    <p class='ocr_par' dir='ltr' id='par_1_13' title="bbox 258 3511 1100 3582">
     <span class='ocr_line' id='line_1_21' title="bbox 258 3511 1100 3582; baseline -0.001 -13"><span class='ocrx_word' id='word_1_105' title='bbox 258 3515 330 3570; x_wconf 89' lang='lat' dir='ltr'>mori</span> <span class='ocrx_word' id='word_1_106' title='bbox 349 3514 456 3569; x_wconf 86' lang='lat' dir='ltr'>saltem</span> <span class='ocrx_word' id='word_1_107' title='bbox 476 3512 569 3582; x_wconf 86' lang='lat' dir='ltr'>liceat,</span> <span class='ocrx_word' id='word_1_108' title='bbox 590 3511 614 3566; x_wconf 86' lang='lat' dir='ltr'>si</span> <span class='ocrx_word' id='word_1_109' title='bbox 634 3511 779 3566; x_wconf 90' lang='lat' dir='ltr'>nonlicet</span> <span class='ocrx_word' id='word_1_110' title='bbox 799 3511 970 3578; x_wconf 81' lang='lat' dir='ltr'>[hominem]</span> <span class='ocrx_word' id='word_1_111' title='bbox 993 3512 1100 3568; x_wconf 90' lang='lat' dir='ltr'>vivere.</span> 
     </span>
    </p>
   </div>
   <div class='ocr_carea' id='block_1_11' title="bbox 258 3631 1001 3706">
    <p class='ocr_par' dir='ltr' id='par_1_14' title="bbox 258 3631 1001 3706">
     <span class='ocr_line' id='line_1_22' title="bbox 258 3631 1001 3706; baseline -0.004 -16"><span class='ocrx_word' id='word_1_112' title='bbox 258 3649 317 3692; x_wconf 92' lang='lat' dir='ltr'>non</span> <span class='ocrx_word' id='word_1_113' title='bbox 338 3632 523 3706; x_wconf 85' lang='lat' dir='ltr'>„hominem”</span> <span class='ocrx_word' id='word_1_114' title='bbox 542 3633 593 3687; x_wconf 87' lang='lat' dir='ltr'>sed</span> <span class='ocrx_word' id='word_1_115' title='bbox 615 3631 717 3702; x_wconf 83' lang='lat' dir='ltr'>„vere”</span> <span class='ocrx_word' id='word_1_116' title='bbox 737 3634 784 3687; x_wconf 85' lang='lat' dir='ltr'>est</span> <span class='ocrx_word' id='word_1_117' title='bbox 802 3631 1001 3687; x_wconf 89' lang='lat' dir='ltr'>inserendum.</span> 
     </span>
    </p>
   </div>
   <div class='ocr_carea' id='block_1_12' title="bbox 258 3830 798 4062">
    <p class='ocr_par' dir='ltr' id='par_1_15' title="bbox 258 3830 798 4062">
     <span class='ocr_line' id='line_1_23' title="bbox 723 3830 798 3894; baseline 0.013 -1"><span class='ocrx_word' id='word_1_118' title='bbox 723 3830 798 3894; x_wconf 90' lang='lat' dir='ltr'>XII.</span> 
     </span>
     <span class='ocr_line' id='line_1_24' title="bbox 258 3992 716 4062; baseline 0.002 -15"><span class='ocrx_word' id='word_1_119' title='bbox 258 3993 344 4062; x_wconf 82' lang='lat' dir='ltr'>Apul.</span> <span class='ocrx_word' id='word_1_120' title='bbox 363 3993 430 4049; x_wconf 91' lang='lat' dir='ltr'>Met.</span> <span class='ocrx_word' id='word_1_121' title='bbox 450 3992 503 4048; x_wconf 91' lang='lat' dir='ltr'>XI.</span> <span class='ocrx_word' id='word_1_122' title='bbox 522 4006 586 4061; x_wconf 85' lang='lat' dir='ltr'>pag.</span> <span class='ocrx_word' id='word_1_123' title='bbox 605 3993 666 4047; x_wconf 79' lang='lat'>275.</span> <span class='ocrx_word' id='word_1_124' title='bbox 686 3993 716 4048; x_wconf 83' lang='lat'>7:</span> 
     </span>
    </p>
   </div>
   <div class='ocr_carea' id='block_1_13' title="bbox 260 4114 1296 4191">
    <p class='ocr_par' dir='ltr' id='par_1_16' title="bbox 260 4114 1296 4191">
     <span class='ocr_line' id='line_1_25' title="bbox 260 4114 1296 4191; baseline 0.006 -21"><span class='ocrx_word' id='word_1_125' title='bbox 260 4130 313 4185; x_wconf 84' lang='lat' dir='ltr'>„an</span> <span class='ocrx_word' id='word_1_126' title='bbox 341 4114 392 4170; x_wconf 89' lang='lat' dir='ltr'>tu&#39;&#39;</span> <span class='ocrx_word' id='word_1_127' title='bbox 420 4115 516 4183; x_wconf 88' lang='lat' dir='ltr'>inquit</span> <span class='ocrx_word' id='word_1_128' title='bbox 545 4115 586 4186; x_wconf 82' lang='lat' dir='ltr'>„si</span> <span class='ocrx_word' id='word_1_129' title='bbox 615 4130 703 4183; x_wconf 86' lang='lat' dir='ltr'>quarn</span> <span class='ocrx_word' id='word_1_130' title='bbox 731 4130 794 4170; x_wconf 91' lang='lat' dir='ltr'>rem</span> <span class='ocrx_word' id='word_1_131' title='bbox 823 4115 967 4183; x_wconf 86' lang='lat' dir='ltr'>voluptati</span> <span class='ocrx_word' id='word_1_132' title='bbox 993 4118 1152 4174; x_wconf 81' lang='lat' dir='ltr'>struendae</span> <span class='ocrx_word' id='word_1_133' title='bbox 1179 4121 1296 4191; x_wconf 77' lang='lat' dir='ltr'>molina,</span> 
     </span>
    </p>
   </div>
   <div class='ocr_carea' id='block_1_14' title="bbox 224 4235 1299 4427">
    <p class='ocr_par' dir='ltr' id='par_1_17' title="bbox 224 4235 1299 4427">
     <span class='ocr_line' id='line_1_26' title="bbox 224 4235 1299 4305; baseline 0.009 -17"><span class='ocrx_word' id='word_1_134' title='bbox 224 4235 332 4291; x_wconf 84' lang='lat' dir='ltr'>laciniis</span> <span class='ocrx_word' id='word_1_135' title='bbox 358 4236 419 4290; x_wconf 88' lang='lat' dir='ltr'>tuis</span> <span class='ocrx_word' id='word_1_136' title='bbox 444 4250 629 4303; x_wconf 81' lang='lat' dir='ltr'>nequaquam</span> <span class='ocrx_word' id='word_1_137' title='bbox 650 4251 791 4305; x_wconf 85' lang='lat' dir='ltr'>parceres,</span> <span class='ocrx_word' id='word_1_138' title='bbox 818 4252 898 4292; x_wconf 91' lang='lat' dir='ltr'>nunc</span> <span class='ocrx_word' id='word_1_139' title='bbox 918 4240 1018 4293; x_wconf 87' lang='lat' dir='ltr'>tantas</span> <span class='ocrx_word' id='word_1_140' title='bbox 1036 4240 1225 4296; x_wconf 60' lang='lat' dir='ltr'>caerimoniis</span> <span class='ocrx_word' id='word_1_141' title='bbox 1243 4245 1299 4298; x_wconf 88' lang='lat' dir='ltr'>adi·</span> 
     </span>
     <span class='ocr_line' id='line_1_27' title="bbox 225 4357 1168 4427; baseline 0.004 -17"><span class='ocrx_word' id='word_1_142' title='bbox 225 4357 310 4411; x_wconf 88' lang='lat' dir='ltr'>turus</span> <span class='ocrx_word' id='word_1_143' title='bbox 328 4357 564 4425; x_wconf 82' lang='lat' dir='ltr'>impaenitendae</span> <span class='ocrx_word' id='word_1_144' title='bbox 583 4359 613 4412; x_wconf 91' lang='lat' dir='ltr'>te</span> <span class='ocrx_word' id='word_1_145' title='bbox 631 4358 778 4427; x_wconf 88' lang='lat' dir='ltr'>pauperiei</span> <span class='ocrx_word' id='word_1_146' title='bbox 797 4359 944 4413; x_wconf 85' lang='lat' dir='ltr'>cunctaris</span> <span class='ocrx_word' id='word_1_147' title='bbox 962 4360 1168 4415; x_wconf 84' lang='lat' dir='ltr'>committere?</span> 
     </span>
    </p>
   </div>
   <div class='ocr_carea' id='block_1_15' title="bbox 260 4478 1066 4550">
    <p class='ocr_par' dir='ltr' id='par_1_18' title="bbox 260 4478 1066 4550">
     <span class='ocr_line' id='line_1_28' title="bbox 260 4478 1066 4550; baseline 0 -16"><span class='ocrx_word' id='word_1_148' title='bbox 260 4479 348 4548; x_wconf 88' lang='lat' dir='ltr'>Lego:</span> <span class='ocrx_word' id='word_1_149' title='bbox 369 4494 424 4550; x_wconf 79' lang='lat' dir='ltr'>„an</span> <span class='ocrx_word' id='word_1_150' title='bbox 443 4478 495 4532; x_wconf 88' lang='lat' dir='ltr'>tu&#39;&#39;</span> <span class='ocrx_word' id='word_1_151' title='bbox 513 4479 608 4546; x_wconf 86' lang='lat' dir='ltr'>inquit</span> <span class='ocrx_word' id='word_1_152' title='bbox 628 4478 702 4548; x_wconf 69' lang='lat' dir='ltr'>„qui</span> <span class='ocrx_word' id='word_1_153' title='bbox 722 4479 746 4532; x_wconf 93' lang='lat' dir='ltr'>si</span> <span class='ocrx_word' id='word_1_154' title='bbox 765 4493 853 4546; x_wconf 90' lang='lat' dir='ltr'>quam</span> <span class='ocrx_word' id='word_1_155' title='bbox 872 4493 935 4534; x_wconf 91' lang='lat' dir='ltr'>rem</span> <span class='ocrx_word' id='word_1_156' title='bbox 954 4494 978 4534; x_wconf 92' lang='lat' dir='ltr'>e.</span> <span class='ocrx_word' id='word_1_157' title='bbox 998 4494 1024 4547; x_wconf 86' lang='lat' dir='ltr'>q.</span> <span class='ocrx_word' id='word_1_158' title='bbox 1045 4495 1066 4534; x_wconf 93' lang='lat' dir='ltr'>s.</span> 
     </span>
    </p>
   </div>
   <div class='ocr_carea' id='block_1_16' title="bbox 0 0 1775 5730">
    <p class='ocr_par' dir='ltr' id='par_1_19' title="bbox 0 0 1775 5730">
     <span class='ocr_line' id='line_1_29' title="bbox 0 0 1775 5730; baseline 0 0"><span class='ocrx_word' id='word_1_159' title='bbox 0 0 1775 5730; x_wconf 95' lang='lat' dir='ltr'> </span> 
     </span>
    </p>
   </div>
  </div>
 </body>
</html>
