3516 5730
967 721 1008 788 82

501 962 669 1057 „impos”
695 965 808 1055 Apul.
835 964 1007 1036 Metili.
1027 965 1081 1036 12.
1097 966 1138 1035 2;
1159 966 1306 1058 „impos
1321 965 1460 1038 animi'
1477 967 1522 1038 V.

501 1111 557 1181 22.
589 1111 651 1182 19;
682 1112 828 1204 „impos
855 1111 1006 1183 enimi'.
1035 1112 1118 1183 d.d.
1143 1111 1243 1184 Scor.
1260 1114 1299 1184 3:
1330 1113 1525 1205 „veritatis

498 1257 657 1349 impos.''
709 1258 829 1329 Plaut.
858 1258 940 1332 Cas.
968 1258 1057 1329 629:
1088 1259 1242 1351 „eripite
1268 1259 1331 1331 isti
1345 1258 1522 1350 gladium„

499 1424 594 1496 quae
627 1405 724 1478 suist
758 1406 882 1497 impos
915 1404 1055 1477 onimi’
1091 1405 1258 1496 itemque
1305 1406 1404 1477 Trin.
1444 1406 1522 1498 131,

498 1553 605 1624 Troo.
634 1554 715 1626 828.

451 1699 731 1794 „cognominis”
767 1699 879 1790 Apul.
915 1699 1002 1771 Met.
1030 1698 1059 1770 I.
1087 1699 1144 1770 23.
1172 1700 1212 1770 8;
1242 1699 1296 1792 „si
1323 1702 1525 1771 contentus

497 1845 574 1918 lare
611 1845 770 1937 parvulo
808 1846 943 1918 Thesei
994 1846 1094 1917 illius
1132 1847 1367 1936 cognominis
1406 1846 1524 1936 patris

497 1993 555 2064 tui
580 1993 742 2065 virtutes
768 1992 1053 2065 aemulaveris.''
1082 1992 1203 2064 Plaut.
1230 1992 1403 2064 Bacchid.
1431 1995 1489 2064 39.

449 2141 630 2236 „dignus”
666 2145 704 2213 et
740 2139 993 2235 „condignus”
1029 2140 1142 2231 Apul.
1179 2140 1265 2213 Met.
1294 2142 1341 2213 X.
1373 2142 1521 2213 12.18;

501 2289 781 2382 „providentiae
808 2289 957 2360 divinae
985 2288 1249 2379 condignum.''
1276 2288 1396 2360 Plaut.
1425 2289 1524 2360 Trio.

501 2436 612 2508 1153:
643 2455 741 2529 „non
768 2456 836 2526 ego
863 2456 950 2508 snm
975 2435 1108 2507 salutis
1134 2435 1303 2525 dignus.”

382 2665 384 2670 .
499 2582 727 2656 Genetivum
751 2583 862 2674 pretii
888 2583 1001 2655 verbo
1028 2582 1224 2672 alligatum
1250 2583 1461 2673 reperimus
1487 2583 1525 2654 in

449 2733 541 2802 nota
565 2730 630 2802 illa
654 2730 840 2802 sententia
868 2729 1000 2824 „nauci
1015 2749 1091 2801 non
1106 2729 1273 2820 putare.''
1300 2729 1413 2820 Apul.
1429 2730 1525 2821 epol.

450 2877 508 2949 91.
560 2877 681 2948 Ρ1001.
709 2876 883 2948 Bacchid.
914 2877 1018 2968 1102,
1048 2875 1157 2947 Most.
1189 2877 1292 2948 1041.

500 3024 603 3096 Inter
638 3025 754 3096 verba
787 3024 986 3095 accusandi
1022 3026 1060 3094 et
1091 3022 1295 3095 damnandi
1318 3024 1399 3114 jam
1426 3043 1527 3096 aure-

450 3193 473 3244 a
498 3175 620 3244 aetate
646 3190 733 3243 cum
760 3172 945 3244 Genetivo
972 3171 1122 3243 sceleris
1148 3172 1347 3262 conjuncto
1369 3173 1527 3245 verbum

450 3321 518 3412 est,
547 3320 646 3410 quod
671 3319 829 3390 Plautus
857 3322 895 3390 et
908 3318 1093 3409 Apuleius
1107 3318 1176 3389 soii
1190 3321 1385 3409 usurpant.
1413 3318 1525 3409 Apul.

451 3467 537 3538 Met.
576 3466 643 3537 IX.
678 3466 735 3537 21.
763 3467 804 3538 3;
844 3467 1042 3559 „Myrmex
1068 3465 1230 3537 vinculis
1258 3466 1425 3557 obrutus
1452 3485 1528 3538 non

451 3613 602 3703 quidem
642 3633 769 3685 coram
806 3633 928 3686 noxae
966 3613 1185 3705 prehensus
1223 3613 1452 3685 conscientia
1477 3616 1527 3684 10-

451 3779 541 3832 men
567 3760 732 3851 pessima
758 3760 1005 3851 permixtus’'
1053 3760 1212 3832 Plautus
1238 3759 1411 3832 Bacchid.
1440 3761 1527 3832 696:

453 3926 600 4001 „quam
628 3907 783 4000 malum„
811 3907 926 3999 facile„
955 3927 1067 3998 quem
1089 3907 1260 3979 mendaci
1282 3907 1433 3999 prendit
1454 3927 1528 3980 ma-

450 4052 599 4124 nufesto
639 4053 801 4124 modo?'’
856 4054 1013 4125 Plautus
1054 4054 1227 4126 Bacchid.
1275 4055 1347 4126 950
1381 4055 1527 4127 scribit:

455 4199 552 4294 „doli
587 4219 654 4290 ego
683 4201 889 4291 deprensus
916 4200 1038 4292 sum'’‚
1077 4201 1163 4286 (Leo
1189 4201 1303 4273 aliam
1328 4200 1529 4274 lectionem

453 4346 535 4418 dat:
575 4347 636 4441 „in
664 4348 758 4419 dolis
785 4368 852 4438 ego
880 4366 1039 4438 prensus
1065 4347 1198 4433 sum'').

503 4493 660 4567 Credere
678 4514 765 4566 cum
785 4494 970 4566 Genetivo
984 4495 1037 4565 rei
1050 4494 1164 4586 Apul.
1180 4495 1264 4587 apol
1294 4496 1357 4566 73:
1389 4495 1529 4584 „mihi”
