3590 5734
805 729 825 790 3

279 965 394 1057 mine,
422 964 607 1036 scribendi
633 965 836 1036 discrimen
862 966 961 1056 apud
983 966 1189 1057 Apuleium
1203 969 1351 1041 nullum

276 1116 436 1204 exstare,
463 1112 499 1183 id
526 1116 656 1184 tamen
681 1131 749 1203 pro
775 1115 876 1184 certo
903 1115 1019 1187 statui
1044 1119 1171 1206 potest
1196 1137 1285 1188 eum
1312 1118 1350 1189 in

196 1305 199 1311 2
277 1259 480 1331 verborum
507 1259 754 1352 suppellectili
781 1260 820 1331 in
846 1260 1023 1333 omnibus
1037 1262 1188 1354 scriptis
1202 1283 1352 1355 semper

278 1406 350 1478 sibi
375 1407 601 1479 constitisse.

326 1553 631 1626 Sedredeamus
663 1555 762 1626 uude
788 1556 927 1646 egressi
953 1575 1098 1628 sumus.
1150 1557 1233 1629 lam
1259 1557 1353 1649 prio-

277 1703 381 1774 ribus
411 1702 648 1793 temporibus
674 1703 746 1773 viri
772 1702 872 1775 docti
893 1702 1159 1793 judicaverunt
1183 1705 1353 1794 linguam

277 1850 414 1941 Apulei
449 1849 582 1921 multis
615 1850 727 1921 rebus
761 1870 848 1921 cum
882 1850 1058 1923 Plautina
1082 1852 1250 1924 maxime
1277 1871 1353 1924 ora-

276 1996 379 2068 tione
407 2016 621 2086 congruere.
650 1996 775 2068 Verba
800 2017 848 2068 ex
874 1998 954 2069 eius
976 1998 1126 2088 scriptis
1141 1999 1351 2092 desumpta,

277 2144 400 2234 prisca
438 2144 631 2236 vocabula,
669 2145 871 2216 verborum
906 2145 1222 2218 conformationes
1255 2165 1353 2218 oom-

278 2292 558 2383 positionesque
600 2291 732 2383 Apulei
767 2292 927 2364 editores
962 2294 1000 2364 et
1033 2296 1353 2365 commentatores

278 2439 324 2510 ad
359 2458 443 2510 eam
477 2439 694 2530 opinionem
728 2438 972 2510 adduxerant.
1025 2438 1240 2531 Beroaldus,
1279 2439 1353 2510 Pri·

278 2605 399 2678 caeus
436 2585 721 2677 Oudendorpius
753 2585 1046 2656 commentarios
1072 2604 1162 2657 suos
1186 2585 1226 2656 in
1252 2584 1352 2676 Apu·

276 2733 324 2804 lei
350 2733 489 2825 scripta
515 2732 764 2824 oppleverunt
788 2731 880 2803 locis
904 2732 1172 2823 comparativis
1196 2731 1353 2804 ePlauti

277 2880 412 2952 fabulis
438 2879 577 2970 petitis.
619 2879 748 2950 Nostri
774 2878 938 2949 auctoris
964 2878 1104 2968 scripta
1129 2879 1353 2969 perscrutati

278 3030 378 3120 sunt,
405 3027 527 3099 multa
552 3028 707 3098 inventa
732 3029 770 3097 et
795 3026 951 3098 collecta
972 3029 1073 3117 sunt,
1101 3046 1196 3117 quae
1210 3027 1353 3117 optime

277 3177 402 3249 Plauti
428 3195 562 3267 genere
588 3175 734 3246 dicendi
759 3175 1061 3265 explanarentur.
1114 3173 1174 3245 Ab
1200 3193 1244 3246 eo
1266 3173 1353 3246 inde

277 3328 449 3415 tempore
474 3323 632 3396 Plautus
657 3322 822 3393 multum
849 3320 990 3412 profuit
1015 3321 1062 3392 ad
1087 3323 1239 3392 textum
1253 3319 1354 3410 Apu·

278 3472 326 3545 lei
353 3472 488 3544 melius
514 3470 769 3542 statuendum.
797 3468 917 3539 Multa
942 3487 1037 3558 quae
1062 3468 1102 3538 in
1127 3467 1231 3538 libris
1253 3466 1354 3558 Apu-

278 3620 409 3692 leianis
449 3621 560 3690 antea
594 3619 811 3709 oppugnata
844 3618 951 3686 erant
988 3635 1036 3686 ex
1070 3614 1195 3686 Plauti
1219 3613 1354 3686 fabulis

280 3767 340 3839 vel
374 3769 522 3838 mutata
547 3764 607 3836 vel
633 3763 799 3835 stabilita
824 3765 923 3834 sunt.
976 3762 1096 3833 Lubet
1122 3780 1240 3831 unum
1269 3759 1365 3858 alte-¹

278 3933 440 4004 rumque
466 3911 685 4003 exemplum
711 3910 853 3981 afferre.

329 4059 387 4131 Ex
412 4059 515 4131 libris
538 4057 807 4147 manuscriptis
825 4059 936 4127 antea
949 4054 1061 4145 Apul.
1078 4058 1157 4126 met
1175 4053 1280 4126 VIII.
1296 4054 1353 4125 23.

279 4206 457 4278 edebatur
499 4203 774 4299 ‚‚plenissime'’.
809 4202 998 4275 Palmaria
1033 4200 1104 4273 fuit
1142 4200 1354 4274 emendatio

278 4354 395 4446 Lipsii
432 4373 499 4445 pro
542 4350 802 4444 „plenissime”
845 4349 1042 4420 scribentis
1083 4346 1353 4440 „paenissime”

280 4501 498 4591 comparato
523 4497 605 4570 loco
631 4498 804 4569 Plautino
833 4495 918 4567 Aul.
946 4495 1029 4566 466.
