3516 5730
599 1279 1030 1384 THESES.

739 1509 899 1517 .—

808 1741 832 1806 Ι.

315 1928 403 1996 Apul.
421 1928 489 1983 Mei.
508 1927 531 1981 I.
550 1941 614 1996 pag.
634 1927 676 1981 15.
697 1927 738 1980 11.
758 1941 823 1993 sqq:

317 2049 363 2104 Sic
390 2048 514 2116 denique
543 2061 611 2102 eum
639 2046 735 2102 vitalis
753 2045 830 2100 color·
848 2047 1026 2116 turbaverat,
1045 2047 1080 2101 ui
1098 2046 1178 2116 mihi,
1197 2048 1358 2102 nocturnas

278 2170 369 2224 etiarn
388 2169 492 2223 Furias
510 2168 574 2223 illas
592 2167 774 2236 imaginanti,
792 2182 862 2235 prae
881 2171 965 2222 metu
984 2167 1147 2222 frustulum
1167 2169 1259 2236 panis
1279 2169 1355 2236 quod

278 2290 408 2358 primurn
427 2303 613 2356 sumpseram
632 2288 768 2355 quamvis
786 2289 945 2342 admodum
954 2289 1102 2342 modicum
1113 2289 1215 2343 mediis
1225 2289 1357 2344 saucibus

277 2411 447 2466 inhaereret
473 2424 507 2465 ae
534 2424 629 2477 neque
654 2409 792 2464 deorsum
817 2409 951 2464 demeare
970 2423 1066 2476 neque
1086 2423 1207 2463 sursum
1225 2424 1356 2465 remeare

278 2531 391 2600 possed.

317 2651 464 2706 Marelim:
484 2665 605 2706 rursum
623 2664 762 2706 remeare.

799 2844 839 2909 ΙΙ.

317 3033 403 3101 Apul.
422 3033 490 3087 Met.
509 3032 532 3087 Ι.
552 3046 616 3100 pag.
634 3031 677 3086 20.
696 3033 730 3086 9:

319 3168 484 3224 „annonam
503 3152 658 3208 curamus''
677 3151 718 3206 aii
738 3153 784 3222 „ei
803 3151 926 3206 aedilem
945 3152 1075 3220 gerimus
1094 3154 1125 3207 et
1144 3153 1168 3207 si
1189 3154 1256 3221 quid
1276 3155 1356 3208 obso-

280 3289 351 3330 nare
370 3274 452 3342 cupis
473 3276 612 3341 [operam]
633 3273 735 3340 utrque
754 3273 1030 3327 commodabimus.”

318 3397 466 3463 [operam],
485 3394 562 3461 quod
581 3408 608 3447 v.
627 3394 654 3448 d.
673 3391 751 3447 Vliet
769 3391 902 3462 inseruit,
921 3391 1104 3460 ejiciendum.

793 3589 848 3653 ΙΙΙ.

317 3778 403 3846 Apul.
422 3777 489 3832 Mei.
508 3777 547 3831 11.
570 3790 631 3844 pag.
650 3776 693 3832 28.
712 3776 764 3829 22:

316 3899 358 3953 At
385 3913 454 3953 vero
478 3928 503 3936 -
527 3897 605 3964 quod
624 3896 707 3951 nefas
726 3896 820 3951 didere
839 3911 936 3963 neque
955 3896 994 3950 sii
1014 3895 1108 3950 ullum
1126 3897 1216 3951 huius
1234 3897 1276 3952 rei
1294 3899 1356 3952 iam

282 4019 377 4073 dirum
396 4019 568 4087 exemplum
590 4050 616 4056 —
640 4019 665 4072 si
684 4019 838 4073 cuiuslibet
857 4018 982 4072 eximiae
999 4018 1269 4087 pulcherrimaeque
1279 4019 1358 4075 ferni-

283 4153 337 4193 nae
364 4140 454 4207 capud
479 4139 580 4206 capillo
600 4138 769 4206 spoliaveris
789 4139 819 4192 ei
838 4137 941 4192 faeiem
960 4137 1061 4191 nativa
1079 4138 1174 4205 specie
1193 4139 1359 4210 nudaveris,

283 4257 349 4312 lieet
366 4257 414 4312 illa
433 4259 512 4314 eaelo
532 4258 652 4328 dejecta,
671 4259 745 4313 mari
763 4258 848 4327 edita,
865 4258 1144 4328 ductibusedueaia,
1161 4259 1358 4328 lieeiinquarn

283 4376 384 4432 Venus
410 4378 475 4447 ipsa
502 4378 600 4448 suerii,
629 4379 696 4434 lieet
724 4379 804 4433 omni
823 4377 991 4433 Gratiarum
1011 4379 1098 4434 choro
1118 4380 1226 4448 stipata
1245 4383 1276 4435 ei
1294 4383 1357 4436 toto

284 4497 458 4566 Cupidinum
476 4499 583 4567 populo
605 4499 744 4554 comitata
763 4500 793 4554 ei
802 4499 897 4554 balteo
909 4514 962 4554 suo
973 4500 1075 4570 cineta,
1095 4499 1221 4556 cinnami
1230 4501 1359 4571 fraglans
