3590 5734
967 746 986 805 l

490 977 603 1069 Apul.
630 981 719 1050 rnet.
748 979 776 1049 l.
804 979 868 1049 22:
898 979 1019 1072 ,intro
1042 980 1226 1070 capessit’'
1243 1000 1318 1051 van
1333 981 1398 1051 der
1413 980 1516 1053 Vliet

441 1145 461 1197 e
510 1125 669 1199 lectione
720 1127 954 1217 optimorum
1004 1128 1177 1199 codicum
1223 1132 1433 1219 (capessum
1473 1128 1513 1221 F,

441 1257 602 1364 capessit
640 1273 730 1344 Urb.
758 1273 921 1365 capescit
955 1273 1055 1361 Vnt.)
1089 1275 1153 1345 dat
1181 1275 1399 1367 „capessit”
1427 1295 1514 1346 cum

442 1419 737 1512 Oudendorpius,
766 1440 878 1511 quem
915 1424 1067 1493 secutus
1094 1425 1152 1493 est
1178 1421 1423 1493 Eissenhardt
1447 1421 1515 1514 ,l-

441 1568 576 1640 cessit''
616 1569 839 1660 scripsisset.
892 1569 1042 1660 Optime
1076 1567 1294 1662 „capessit”
1322 1589 1396 1660 quo
1422 1567 1515 1640 nihil

441 1717 499 1786 est
524 1716 663 1787 certius
689 1735 737 1786 ex
762 1715 885 1786 Plauti
910 1715 1006 1786 Rud.
1036 1715 1115 1786 179.

490 1861 561 1934 Sed
587 1865 625 1934 et
648 1863 759 1934 hodie
780 1865 867 1953 post
880 1865 939 1934 tot
951 1865 1107 1953 tamque
1121 1863 1287 1952 insignes
1301 1863 1339 1933 in
1353 1862 1515 1953 Apuleio

439 2009 585 2082 labores
623 2010 732 2081 credo
771 2010 832 2082 hic
869 2011 944 2081 illic
970 2009 1148 2082 Plautum
1175 2011 1279 2082 viam
1305 2013 1516 2083 monstrare

440 2176 561 2249 posse,
594 2176 668 2247 qua
693 2157 739 2228 ad
765 2156 961 2228 meliorem
987 2157 1186 2228 lectionem
1212 2157 1409 2248 pervenire
1435 2177 1516 2249 pos-

441 2305 572 2376 simus
633 2304 692 2375 Ex
729 2305 835 2397 meis,
876 2325 969 2396 quas
1009 2306 1048 2376 in
1086 2306 1254 2396 margine
1289 2306 1516 2397 exemplaris

442 2453 632 2545 adscripsi,
648 2453 964 2544 annotationibus
981 2472 1095 2524 unam
1111 2453 1249 2545 publici
1258 2454 1355 2544 juris
1369 2454 1513 2525 faciam.

490 2599 535 2670 In
559 2599 672 2690 Apul.
700 2602 779 2670 met
804 2598 865 2671 lib.
893 2599 929 2670 V
956 2618 985 2670 c.
1013 2600 1047 2670 6.
1074 2598 1250 2690 leguntur
1276 2602 1409 2672 verba:
1439 2601 1517 2695 ,sic

441 2745 503 2819 ille
512 2766 633 2818 novae
647 2750 787 2837 nuptae
802 2746 975 2836 precibus
990 2747 1142 2818 veniam
1155 2747 1288 2819 tribuit
1301 2750 1338 2819 et
1351 2748 1516 2840 insuper,

442 2893 742 2984 quibuscumque
769 2894 883 2965 vellet
909 2913 972 2965 eas
996 2894 1077 2965 auri
1092 2893 1151 2965 vel
1165 2894 1365 2966 monilium
1379 2895 1517 2967 donare

443 3041 662 3112 concessit.”
707 3042 852 3113 Traube
877 3061 1011 3114 vocem
1040 3039 1223 3134 „donare”
1247 3042 1326 3131 jani
1355 3042 1518 3112 mutavit

442 3188 481 3259 in
509 3189 640 3282 „donis
668 3189 835 3281 ornare,’'
871 3190 1038 3261 vander
1064 3188 1166 3260 Vliet
1192 3189 1338 3260 codices
1364 3191 1517 3260 secutus

443 3338 511 3426 est,
532 3355 764 3426 quamquam
780 3355 864 3407 mea
878 3336 1013 3407 salleni
1028 3335 1203 3426 opinione
1217 3335 1371 3425 genitivi
1389 3334 1514 3427 „auri”

443 3484 481 3553 et
492 3481 737 3575 „monilium”
750 3482 1000 3574 substantivo,
1011 3483 1110 3554 unde
1124 3482 1322 3573 pendeant,
1337 3481 1516 3571 indigent.

443 3627 548 3700 Num
576 3629 755 3700 audacius
781 3649 902 3722 egero,
929 3630 961 3702 si
988 3648 1197 3721 proponam
1219 3632 1307 3700 ante
1331 3628 1514 3721 „donare”

443 3776 727 3848 substantivum
756 3774 908 3869 „donis”
936 3777 1098 3848 inserere
1116 3776 1290 3867 exemplo
1304 3775 1437 3868 Plauti,
1453 3776 1516 3867 qui

443 3923 572 3995 scribit
605 3923 746 4013 Amph.
787 3923 874 3994 137:
911 3943 984 4014 quo
1011 3925 1121 4014 pacto
1147 3924 1197 3994 sit
1222 3923 1329 3995 donis
1355 3923 1517 3995 donatus

444 4070 618 4162 plurimis
631 4070 768 4156 (confer
781 4071 897 4142 etiam
919 4071 1039 4142 Plaut.
1055 4070 1171 4142 Stich.
1185 4071 1278 4162 656),
1294 4069 1516 4160 praesertim

444 4237 532 4290 curn
560 4221 706 4288 certum
732 4219 791 4310 sit,
815 4218 1023 4309 Apuleium
1044 4217 1210 4289 inultum
1225 4216 1425 4289 indulsisse
1438 4217 1516 4288 tali-

443 4365 514 4437 bus
540 4364 726 4435 sermonis
751 4364 925 4456 flosculis,
947 4365 1075 4455 quales
1093 4366 1182 4436 sunt
1197 4365 1328 4458 „donis
1343 4364 1515 4436 donare.’'

492 4510 662 4582 Fuerunt
698 4513 837 4602 tarnen,
877 4511 941 4601 qui
980 4511 1136 4582 modum
1175 4512 1453 4601 egrederentur
1476 4513 1514 4582 et
