3516 5730
959 661 1020 724 138

485 873 545 927 ὑπ’
567 872 727 942 ἀνθρώπων,
746 874 823 942 quod
843 872 951 928 delevit
969 885 1028 927 van
1046 871 1229 927 Herwerden
1245 885 1305 926 non
1315 872 1362 926 est
1371 871 1528 941 glossema,

450 996 501 1050 sed
527 995 648 1050 evanuit
673 995 751 1050 inter
776 993 997 1050 substantivum
1026 993 1057 1047 et
1084 990 1329 1061 praepositionem
1349 992 1529 1060 adjectivum

448 1116 630 1171 παντοδαπῶν.

924 1297 1054 1362 XXIV.

486 1485 564 1540 Xon.
583 1484 649 1553 Cyr.
668 1484 691 1540 I.
710 1485 735 1538 4.
755 1484 804 1539 18:

486 1605 556 1658 οὕτω
575 1603 604 1658 δὲ
623 1603 822 1670 ἐξοπλισάμενος
840 1603 988 1671 προσήλασε
1007 1611 1044 1670 τῷ
1062 1605 1142 1671 ἵππῳ.

485 1724 653 1781 Immovero
674 1732 727 1796 »τῷ
746 1724 871 1792 πασιῷ.”

922 1946 1037 2011 XXV.

488 2107 565 2162 Xen.
586 2106 660 2162 Hell.
681 2106 764 2161 11.4.
784 2108 831 2163 27:

488 2228 513 2280 εἰ
529 2226 559 2281 δὲ
576 2227 622 2281 καὶ
640 2235 714 2281 τοῦτο
733 2229 776 2281 δεῖ
790 2228 870 2282 εἰπεῖν
888 2235 932 2282 τοῦ
950 2236 1130 2297 μηχανοποιοῦ
1149 2237 1193 2283 τοῦ
1213 2229 1240 2283 ἒν
1259 2237 1295 2298 τῷ
1306 2230 1459 2295 ἅστει,ὃςθ.
1470 2247 1496 2300 q.
1507 2248 1531 2288 S.

490 2349 580 2418 Lege:
599 2349 635 2402 ἔτι
651 2347 681 2402 δὲ
699 2350 749 2402 καί
766 2364 790 2405 ε.
802 2364 828 2416 q.
838 2357 862 2404 ε.

929 2583 1059 2647 XXVI.

491 2794 613 2863 Antiph.
631 2802 695 2862 περῖ
710 2802 755 2847 τοῦ
771 2794 898 2862 Ἡρῴδου
919 2795 1010 2862 φόνου.
1030 2795 1046 2861 5
1065 2794 1114 2848 41:

490 2912 555 2966 ἀλλὰ
572 2913 599 2965 εδ
615 2913 758 2966 τελευταῖον
773 2913 923 2981 ἀπῴμωξεν
937 2913 984 2981 ε’μέ
1000 2934 1026 2966 τε
1036 2913 1081 2967 καὶ
1090 2913 1168 2966 αὑτόν
1177 2913 1214 2972 ὡς
1223 2913 1324 2973 ἀδίκως
1333 2913 1535 2982 ἀπολλυμένους,

455 3034 487 3088 οὗ
505 3033 591 3102 χάριτι
610 3042 640 3102 τῇ
661 3033 711 3102 ε’μῇ
726 3064 752 3072 -
765 3041 823 3093 πῶς
841 3033 906 3102 γὰρ;
927 3035 956 3093 ὃς
965 3054 994 3103 γε
1004 3033 1184 3103 κατεψεύσατο
1198 3065 1223 3073 -
1238 3034 1301 3087 ἀλλ’
1314 3034 1534 3102 ἀναγκαζόμενος.

458 3170 484 3210 ε.
493 3170 519 3223 q.
531 3170 554 3210 ε.

492 3275 733 3345 Μαωώ

924 3425 1070 3490 XXVII.

494 3610 537 3665 Id.
554 3609 613 3679 περὶ
632 3617 677 3663 νοῦ
693 3611 820 3678 Ἡρῴδου
840 3611 923 3679 φόνου
943 3614 959 3680 ἓ
978 3614 1026 3666 48:

494 3730 560 3782 ὥστε
574 3731 663 3799 πολλῷ
680 3731 712 3784 ἂν
727 3732 890 3798 δικαιότερον
905 3731 979 3797 ὑμεῖς
994 3731 1131 3799 ε’κρίνεσδε
1142 3731 1157 3799 ἢ
1167 3730 1218 3800 ἐγὼ
1229 3739 1275 3785 νῦν
1285 3733 1376 3801 φεύγω
1386 3733 1439 3802 ὑφ’
1453 3734 1537 3802 ὑμῶν.

494 3849 566 3905 Post
583 3851 657 3919 ὑμεῖς
674 3851 771 3907 insere
791 3851 850 3904 ὑπ’
875 3851 948 3919 ἐμοῦ.

913 4048 1075 4113 XXVIII.

495 4233 634 4288 Andocid.
653 4233 712 4301 περὶ
731 4241 783 4287 τῶν
800 4237 952 4304 μυστηρίων
970 4239 987 4305 ἓ
1008 4237 1049 4291 II.

495 4353 541 4406 καὶ
558 4353 603 4407 ἐὰν
622 4355 779 4422 ψηφίσησθε
800 4355 890 4408 ἄδειαν
909 4355 954 4425 (ᾧ)
973 4355 1024 4425 ἐγὼ
1045 4357 1147 4411 κελεύω
1167 4357 1299 4425 θεράπων.
1319 4377 1346 4413 κ.
1365 4379 1386 4414 ε.
1405 4357 1428 4413 λ.

498 4473 552 4527 Ρεο
571 4472 604 4542 ᾦ,
624 4474 700 4541 quod
722 4473 848 4528 inseruit
867 4475 959 4545 Blass,
978 4477 1077 4544 potius
1096 4476 1292 4545 supplendum
1312 4479 1376 4534 οἵαν.
