3516 5730
757 717 798 779 87

240 957 329 1028 631:
359 975 428 1050 „ne
450 956 622 1045 utiquam
648 955 693 1026 ab
719 955 906 1044 ingeniosi
932 959 1081 1046 senex,”
1097 956 1203 1027 Truc.
1220 958 1310 1028 833:

242 1105 310 1199 „ab
336 1105 485 1194 ingenio
508 1101 756 1194 improbust‚''
785 1102 887 1175 Ocni.
904 1103 984 1175 Ter.
1001 1104 1241 1196 Heautprol.
1260 1105 1315 1176 13.

288 1251 522 1342 Praepositio
569 1248 610 1318 de
647 1250 837 1322 interdum
877 1252 1008 1322 eadem
1048 1252 1318 1342 significatione

239 1401 445 1489 usurpatur
471 1419 544 1488 qua
563 1403 709 1492 propter
724 1399 783 1469 vel
793 1421 893 1492 prce.
925 1398 1141 1490 Λ10011101.
1158 1399 1185 1471 l.
1205 1401 1258 1471 12.
1275 1401 1315 1472 3:

243 1545 443 1639 „lacrimae
478 1544 664 1636 saepicule
690 1546 735 1616 de
761 1545 897 1634 gaudio
923 1545 1143 1635 prodeunt.''
1195 1545 1316 1618 Plaut.

243 1690 325 1764 Cas
353 1691 444 1762 415:
474 1691 694 1785 „delabere
721 1694 854 1782 pectus
878 1691 1038 1762 tundit.‘'

291 1862 332 1909 ec
359 1843 563 1930 usurpatur
589 1842 632 1910 ut
657 1838 771 1928 vulgo
796 1837 981 1908 secundun.
1004 1839 1084 1910 loco
1107 1841 1319 1931 Apuleiano

190 1995 192 2000 '
244 1988 330 2058 Met.
372 1986 455 2058 Vll.
497 1987 573 2058 25·
595 1988 634 2057 3:
677 1986 837 2078 „quippe
876 1989 1079 2057 consuetus
1117 2006 1166 2057 ex
1198 1986 1319 2058 forma

244 2135 388 2207 concidi
425 2133 623 2205 fustibus.''
676 2133 764 2205 Tale
796 2133 886 2223 quid
911 2133 1120 2224 repperisse
1147 2134 1240 2204 mihi
1267 2134 1318 2205 vi-

243 2281 332 2352 deor
366 2281 405 2350 in
439 2280 562 2351 Plauti
596 2280 671 2352 Mil.
708 2280 798 2370 glor.
833 2281 921 2352 791:
960 2280 1108 2374 „itaque
1134 2300 1219 2353 eam
1244 2281 1320 2352 huc

244 2431 418 2499 ornatam
447 2426 621 2519 adducas
661 2446 710 2500 ex
743 2431 1002 2499 matronarum
1039 2427 1175 2499 modo''
1209 2428 1319 2518 (conf.

244 2574 320 2647 Mil.
355 2574 445 2664 glor.
482 2575 572 2645 947:
615 2593 684 2667 „ex
723 2572 944 2665 sententia‚”
985 2574 1085 2646 Trin.
1127 2575 1207 2667 707,
1250 2595 1320 2668 „ex

242 2721 500 2813 argument0,'’
537 2720 626 2794 Oist.
655 2721 744 2792 562:
788 2741 858 2815 „ex
886 2720 1008 2792 Tusco
1034 2717 1188 2807 more.”)
1224 2721 1320 2792 Vide

244 2890 338 2962 quae
373 2890 407 2940 v.
435 2870 469 2940 d.
498 2868 601 2940 Vliet
635 2869 786 2959 scripsit
819 2869 859 2939 in
891 2867 1046 2940 Archiv.
1073 2868 1095 2939 f.
1122 2868 1202 2939 Lat.
1230 2868 1319 2940 Lex.

243 3019 291 3090 X.
319 3019 352 3089 3.

291 3189 331 3235 ex
364 3165 557 3237 interdum
592 3164 827 3236 abundanter
853 3165 1016 3257 ponitur,
1057 3165 1117 3237 ubi
1144 3185 1320 3238 sermone

243 3314 398 3386 classico
425 3312 613 3384 ablativus
641 3312 852 3383 exhibetur.
879 3312 993 3402 Apul.
1011 3312 1097 3383 Met.
1113 3312 1162 3384 ll.
1178 3313 1236 3384 32.
1253 3313 1318 3384 22:

247 3481 316 3554 „ex
342 3461 505 3532 summis
533 3461 710 3532 viribus'’
738 3459 848 3550 Apol.
879 3461 896 3531 1
946 3463 962 3531 t
990 3461 1011 3531 2
1042 3464 1213 3551 (utroque
1239 3461 1320 3533 loco

244 3609 400 3699 legitur:
431 3627 500 3701 „ex
525 3609 688 3680 summis
713 3608 906 3695 viribus.”)
941 3608 1099 3680 Plautus
1125 3608 1201 3680 Mil.
1230 3608 1320 3699 glor.

245 3758 334 3829 620:
367 3776 436 3844 „ex
461 3757 596 3847 opibus
614 3755 799 3827 summis’'
827 3756 938 3828 Merc.
957 3757 1044 3828 ill:
1075 3759 1321 3850 „exsummis

245 3905 379 3995 opibus
406 3904 656 3994 viribusque.’'
684 3903 778 3976 conf.
806 3903 919 3994 Apul.
947 3905 1034 3976 Met.
1063 3905 1149 3977 Vll.
1177 3906 1234 3977 24.
1254 3906 1319 3977 20:

248 4073 317 4147 „ex
343 4072 496 4125 summo
523 4052 670 4124 studio''
698 4052 763 4138 (ita
787 4055 956 4142 praestat
980 4052 1062 4144 legi,
1090 4054 1255 4135 phabet:
1271 4059 1319 4147 et,

244 4199 465 4272 Fostendit
500 4199 689 4290 lacunam)
729 4199 816 4272 Met.
852 4198 957 4270 Vlll.
995 4200 1027 4270 5.
1066 4199 1121 4291 io,
1158 4199 1224 4272 IX.
1265 4202 1319 4273 15.

250 4350 302 4420 16.
332 4347 439 4418 ldern
466 4367 557 4419 usus
583 4347 872 4437 praepositionis
897 4368 946 4436 er,
967 4366 1197 4437 quamquam
1210 4350 1321 4438 parti-

247 4495 330 4566 cula
351 4495 410 4564 his
436 4494 476 4564 in
501 4492 686 4584 exemplis
713 4511 790 4563 non
815 4492 949 4563 iisdem
973 4493 1320 4589 verbisJ'unctaest‚
