3516 5730
732 710 794 775 107

228 946 321 1018 civis
360 946 537 1038 comedis,
576 947 685 1038 parvi
715 947 912 1038 pendere.'’
953 947 1056 1021 Conf.
1084 949 1192 1021 Truo.
1221 951 1304 1022 337.

228 1095 411 1186 Apulejus
437 1097 566 1168 autem
591 1096 631 1166 in
655 1095 749 1167 libro
776 1094 810 1166 d.
827 1095 861 1166 d.
877 1095 971 1167 Plat.
998 1095 1046 1168 Π.
1073 1097 1136 1168 15:
1167 1097 1306 1190 „Hune

225 1243 341 1315 talem
379 1243 487 1315 Plato
518 1243 830 1334 luorioupidinem
865 1245 978 1333 atque
1001 1244 1219 1334 accipitrem
1245 1264 1306 1336 pe·

226 1391 357 1462 cuniae
383 1390 632 1462 nominavit.''
678 1390 737 1463 Ita
761 1393 800 1461 et
824 1389 983 1461 Plautus
1008 1390 1175 1494 loquitur
1200 1391 1303 1464 Pers.

225 1537 314 1610 409:
343 1537 546 1631 „pecuniae
571 1539 748 1629 accipiter
773 1538 882 1609 avide
908 1542 1021 1628 atque
1046 1538 1209 1611 invide.''

271 1684 470 1775 Decrepita
493 1705 590 1757 anus
613 1685 824 1775 appellatur
848 1685 894 1756 ab
920 1685 1083 1776 Apuleio
1109 1686 1196 1758 Met.
1226 1685 1294 1757 IV.

228 1834 259 1905 7.
303 1833 341 1904 1:
385 1832 509 1925 „busti
534 1831 728 1903 cadaver.'’
781 1831 867 1904 Non
892 1831 1002 1922 longe
1028 1833 1166 1904 absunt
1191 1833 1307 1904 verba

226 1981 410 2073 Plautina,
438 1981 574 2071 quibus
599 1999 692 2051 usus
718 1983 776 2051 est
801 1980 935 2052 Pseud.
963 1980 1053 2052 412:
1085 1980 1240 2070 „exhoo
1254 1999 1306 2052 se-

225 2129 384 2220 pulohro
408 2127 571 2200 vetere.''

274 2276 388 2368 Apul.
416 2276 504 2347 Met.
532 2274 598 2347 IV.
628 2275 659 2346 7.
688 2275 709 2345 2
736 2274 868 2346 eadem
894 2293 1001 2366 anus
1029 2273 1074 2345 de
1100 2294 1174 2364 qua
1192 2274 1306 2346 modo

226 2423 315 2515 dixi,
355 2423 514 2494 vocatur
550 2422 673 2514 „vitae
699 2421 895 2493 dedecus&
947 2420 1083 2494 Nonne
1109 2424 1167 2493 est
1192 2421 1303 2511 plane

226 2571 348 2643 simile
386 2570 474 2642 huie
508 2569 701 2641 Plautino:
744 2567 890 2661 „capuli
916 2565 1053 2638 deous”
1081 2568 1188 2639 Asin.
1217 2569 1298 2640 892.

227 2718 351 2791 Iratus
377 2719 439 2790 ille
465 2718 560 2790 latro
586 2717 819 2807 grandaevae
845 2716 898 2787 illi
924 2716 1073 2787 mulieri
1100 2716 1216 2787 etiam
1235 2716 1307 2787 hoo

223 2866 376 2956 ingerit:
418 2864 525 2959 „Orci
562 2864 755 2935 fastidium
797 2862 945 2934 solum’'
986 2863 1085 2950 (Met.
1113 2862 1180 2934 IV.
1209 2864 1239 2934 7.
1269 2865 1306 2955 2)

226 3014 323 3104 quod
349 3014 388 3084 in
414 3013 638 3084 memoriam
661 3030 731 3082 nos
744 3010 890 3081 redusit
904 3009 1083 3081 Ballionis
1097 3010 1304 3082 verborum

226 3160 357 3246 (Plaut.
384 3159 519 3231 Pseud.
549 3160 618 3230 795
645 3163 712 3249 sq.)
753 3158 866 3251 „quin
892 3158 939 3229 ob
966 3177 1050 3229 eam
1076 3177 1157 3229 rem
1185 3158 1302 3231 Orous

225 3307 388 3398 recipere
414 3307 460 3378 ad
486 3326 526 3378 se
551 3307 653 3378 hune
682 3306 813 3397 noluit,
840 3309 884 3376 ut
909 3309 1009 3378 esset
1033 3306 1095 3377 hio
1118 3306 1192 3398 qui,
1207 3326 1303 3379 mor-

225 3455 300 3526 tuis
324 3473 459 3525 oenam
486 3451 657 3544 eoquat.’'

272 3601 330 3672 Ex
368 3601 591 3673 animalium
618 3601 848 3693 nominibus
876 3602 1011 3692 quibus
1037 3603 1169 3674 multis
1196 3603 1303 3674 Plau·

224 3751 286 3820 tus
319 3767 387 3840 pro
423 3748 603 3820 conviciis
639 3749 694 3819 uti
730 3748 835 3841 solet,
870 3748 1056 3839 Apuleius
1090 3750 1161 3821 sibi
1190 3750 1301 3840 elegit

225 3915 357 3968 vooem
394 3895 602 3988 „excetra'’,
638 3915 752 3985 quam
787 3899 947 3987 usurpat
972 3897 1018 3968 de
1044 3877 1145 3968 mala
1170 3900 1207 3969 et
1233 3898 1301 3969 liti-

224 4043 327 4132 giosa
350 4042 499 4114 femina.
533 4042 654 4114 Plaut.
684 4042 766 4115 Cas,
793 4044 884 4135 644,
912 4044 1045 4116 Pseud.
1076 4045 1157 4116 218.
1185 4045 1298 4136 Apul.

225 4189 310 4261 Met.
346 4190 394 4261 X.
428 4191 485 4262 28.
515 4191 571 4261 20.

272 4337 343 4408 His
373 4315 593 4427 adjiciamus
620 4357 704 4408 eam
730 4339 1031 4411 enuntiationem
1059 4361 1174 4431 quam
1202 4360 1301 4433 repe-

223 4485 343 4556 rimus
368 4484 481 4576 April.
522 4484 617 4576 alrol.
659 4486 723 4556 74:
766 4487 852 4579 „qui
878 4487 995 4559 istum
1022 4488 1058 4558 di
1085 4489 1297 4579 perduint.’'
