3516 5730
972 707 1035 772 100

462 951 556 1017 tanto
591 945 841 1037 subjungitur,
891 945 998 1036 cujus
1036 946 1294 1036 usurpationis
1334 951 1538 1019 occurrunt

462 1092 638 1184 exempla
661 1093 770 1164 haec:
812 1091 924 1182 Apul.
960 1093 1047 1164 Met.
1084 1092 1169 1165 VH.
1200 1093 1255 1165 15.
1285 1095 1325 1165 5:
1367 1095 1536 1187 ‚‚quod....

465 1242 586 1314 multo
608 1244 714 1313 tanto
735 1240 906 1331 pluribus
926 1239 1115 1312 beneficiis
1140 1241 1419 1314 honestarer''...
1442 1241 1536 1314 conf.

464 1389 552 1461 Met.
578 1388 626 1460 X.
655 1388 712 1459 21.
743 1387 798 1476 18,
825 1386 943 1458 florid.
973 1387 1017 1458 18
1043 1387 1076 1457 d.
1093 1387 1127 1458 d.
1155 1386 1255 1459 Socr.
1286 1389 1340 1460 11.
1380 1389 1539 1460 Plautus

464 1536 638 1608 Bacchid.
667 1535 738 1607 310
764 1535 910 1606 scribit:
942 1554 1011 1628 „ne
1032 1534 1093 1606 ille
1107 1535 1231 1606 hercle
1244 1535 1338 1606 mihi
1353 1536 1403 1607 sit
1418 1536 1538 1608 multo

463 1687 571 1756 tanto
599 1681 753 1756 carior.’'
782 1682 880 1754 Men.
907 1683 990 1774 800,
1019 1682 1134 1754 Stich.
1163 1684 1244 1775 330,
1272 1685 1367 1756 Rud.
1395 1685 1477 1756 521.

513 1831 655 1904 Eadem
693 1831 739 1902 iis
773 1833 832 1902 est
857 1849 970 1902 causa
997 1830 1182 1902 scribendi
1208 1830 1317 1900 uirbis
1342 1853 1447 1925 quam
1473 1851 1540 1922 pro

467 1977 585 2050 valde.
625 1977 738 2067 Apul.
767 1976 862 2068 apol.
890 1976 957 2048 48:
989 1976 1191 2070 „quaesisti
1216 1979 1259 2048 tu
1285 1977 1400 2048 nimis
1427 1997 1540 2068 quam

466 2126 703 2218 prudenter.’'
751 2124 871 2196 Plaut.
901 2126 997 2215 capt.
1028 2124 1115 2195 102:
1147 2123 1267 2213 „quod
1295 2124 1445 2214 quidem
1473 2145 1540 2215 ego

466 2273 581 2344 nimis
607 2291 722 2363 quarn
740 2272 874 2362 cupide
888 2271 999 2362 cupio
1013 2273 1057 2341 ut
1070 2271 1283 2361 impetret.''
1312 2270 1415 2344 Oonf.
1430 2273 1540 2344 Most.

464 2419 546 2490 511.
573 2417 682 2489 Truc.
710 2418 791 2489 408.

514 2565 646 2656 Neque
670 2563 778 2636 aliter
804 2565 1037 2654 conjungunt
1062 2563 1211 2633 rzimium
1233 2587 1336 2658 quom
1351 2565 1423 2652 (Ita
1436 2567 1539 2638 enim

465 2712 594 2784 scribit
631 2711 918 2802 Oudendorpius
956 2713 1087 2782 contra
1125 2712 1366 2805 Hildebrand,
1394 2713 1540 2786 Eissen-

464 2859 585 2952 hardt‚
610 2877 644 2929 v.
660 2858 694 2929 d.
711 2858 822 2950 Vliet,
854 2858 918 2949 qui
942 2857 1223 2951 „nimiumque”
1251 2861 1290 2930 in
1315 2864 1468 2932 textum
1483 2861 1540 2932 ad-

466 3007 649 3092 mittunt.)
682 3004 796 3097 Apul.
824 3005 912 3076 Met.
940 3004 1007 3076 ΠΙ.
1036 3006 1092 3076 27.
1121 3006 1187 3077 31:
1217 3007 1392 3099 „insurgo
1419 3008 1540 3080 valide

465 3157 503 3226 et
536 3153 681 3225 cervice
716 3151 863 3243 prolixa
896 3152 1060 3224 nimium
1086 3173 1200 3243 quarn
1227 3155 1410 3244 porrectis
1435 3155 1542 3227 labiis

466 3307 515 3389 (v.
543 3302 577 3372 d.
606 3301 708 3372 Vliet
733 3320 821 3371 cum
846 3300 952 3372 codd.
978 3300 1238 3393 nimiumque),
1267 3321 1431 3392 quocum
1461 3303 1541 3375 loco

466 3468 643 3540 compara
673 3447 794 3519 Plant.
821 3447 996 3519 Bacchid.
1027 3448 1113 3519 121:
1157 3469 1292 3541 „quem
1318 3470 1386 3540 ego
1413 3471 1542 3542 sapere

465 3596 584 3668 nimio
611 3595 739 3668 censui
765 3594 850 3686 plus
876 3614 991 3686 quarn
1017 3595 1209 3667 Thalem.''

515 3743 647 3834 Neque
669 3744 762 3833 puto
785 3741 887 3812 hunc
900 3742 1026 3814 locum
1040 3761 1123 3814 esse
1136 3745 1465 3839 praetereundum,
1479 3745 1542 3817 ubi

466 3891 651 3982 Apuleius
685 3890 838 3962 notione
872 3890 981 3962 valde
1007 3894 1232 3981 exaggerata
1256 3890 1401 3962 rninimo
1427 3894 1543 3964 minus

467 4038 620 4111 adhibet
652 4037 764 4129 Apul.
801 4038 888 4110 Met.
925 4037 953 4109 Ι.
989 4037 1022 4109 4.
1062 4038 1124 4109 17:
1163 4039 1345 4132 „mollitie
1371 4040 1443 4113 cibi
1469 4041 1543 4132 glu-

466 4184 580 4256 tinosi
610 4183 779 4255 faucibus
805 4183 1035 4255 inhaerentis
1060 4188 1098 4256 et
1124 4204 1210 4257 rnea
1235 4187 1322 4276 gula
1347 4188 1540 4280 (meacula,

467 4353 503 4406 v.
518 4332 552 4404 d.
569 4331 628 4418 V.)
655 4331 810 4423 spiritus
836 4332 1039 4404 detinentis
1065 4332 1292 4419 (distinentis
1315 4334 1356 4420 F)
1382 4335 1541 4406 minimo

468 4479 596 4550 minus
637 4479 761 4550 interii
809 4479 952 4565 (eadem
995 4481 1178 4553 vocabula
1215 4482 1380 4572 junctirn
1417 4484 1544 4574 posita
