<?xml version="1.0" encoding="UTF-8"?>
<!DOCTYPE html PUBLIC "-//W3C//DTD XHTML 1.0 Transitional//EN"
    "http://www.w3.org/TR/xhtml1/DTD/xhtml1-transitional.dtd">
<html xmlns="http://www.w3.org/1999/xhtml" xml:lang="en" lang="en">
 <head>
  <title>
</title>
<meta http-equiv="Content-Type" content="text/html;charset=utf-8" />
  <meta name='ocr-system' content='tesseract 3.04.00' />
  <meta name='ocr-capabilities' content='ocr_page ocr_carea ocr_par ocr_line ocrx_word'/>
</head>
<body>
  <div class='ocr_page' id='page_1' title='image "./deapuleistudiis00unkngoog_0079.png"; bbox 0 0 3590 5734; ppageno 0'>
   <div class='ocr_carea' id='block_1_1' title="bbox 996 741 1037 804">
    <p class='ocr_par' dir='ltr' id='par_1_1' title="bbox 996 741 1037 804">
     <span class='ocr_line' id='line_1_1' title="bbox 996 741 1037 804; baseline -0.024 0"><span class='ocrx_word' id='word_1_1' title='bbox 996 741 1037 804; x_wconf 87' lang='grc'>62</span> 
     </span>
    </p>
   </div>
   <div class='ocr_carea' id='block_1_2' title="bbox 486 976 1561 2252">
    <p class='ocr_par' dir='ltr' id='par_1_2' title="bbox 532 976 1560 1658">
     <span class='ocr_line' id='line_1_2' title="bbox 532 976 1558 1069; baseline 0 -20"><span class='ocrx_word' id='word_1_2' title='bbox 532 977 683 1068; x_wconf 85' lang='lat' dir='ltr'>obliqua</span> <span class='ocrx_word' id='word_1_3' title='bbox 720 978 875 1069; x_wconf 78' lang='lat' dir='ltr'>devexa,</span> <span class='ocrx_word' id='word_1_4' title='bbox 916 997 990 1068; x_wconf 90' lang='lat' dir='ltr'>qua</span> <span class='ocrx_word' id='word_1_5' title='bbox 1015 977 1118 1049; x_wconf 86' lang='lat' dir='ltr'>saxis</span> <span class='ocrx_word' id='word_1_6' title='bbox 1144 977 1361 1068; x_wconf 82' lang='lat' dir='ltr'>asperrimis</span> <span class='ocrx_word' id='word_1_7' title='bbox 1387 979 1424 1048; x_wconf 94' lang='lat' dir='ltr'>et</span> <span class='ocrx_word' id='word_1_8' title='bbox 1451 976 1499 1048; x_wconf 91' lang='lat' dir='ltr'>ob</span> <span class='ocrx_word' id='word_1_9' title='bbox 1521 978 1558 1049; x_wconf 90' lang='lat' dir='ltr'>id</span> 
     </span>
     <span class='ocr_line' id='line_1_3' title="bbox 532 1124 1558 1216; baseline 0.002 -21"><span class='ocrx_word' id='word_1_10' title='bbox 532 1125 732 1197; x_wconf 79' lang='lat' dir='ltr'>inaccessis</span> <span class='ocrx_word' id='word_1_11' title='bbox 783 1125 955 1216; x_wconf 79' lang='lat' dir='ltr'>cingitur,</span> <span class='ocrx_word' id='word_1_12' title='bbox 1010 1124 1200 1196; x_wconf 84' lang='lat' dir='ltr'>convalles</span> <span class='ocrx_word' id='word_1_13' title='bbox 1254 1124 1454 1196; x_wconf 83' lang='lat' dir='ltr'>lacunosae</span> <span class='ocrx_word' id='word_1_14' title='bbox 1504 1144 1558 1197; x_wconf 90' lang='lat' dir='ltr'>ca-</span> 
     </span>
     <span class='ocr_line' id='line_1_4' title="bbox 533 1269 1558 1363; baseline -0.002 -19"><span class='ocrx_word' id='word_1_15' title='bbox 533 1292 677 1363; x_wconf 89' lang='lat' dir='ltr'>vaeque</span> <span class='ocrx_word' id='word_1_16' title='bbox 714 1273 877 1344; x_wconf 93' lang='lat' dir='ltr'>nimium</span> <span class='ocrx_word' id='word_1_17' title='bbox 916 1269 1074 1363; x_wconf 89' lang='lat' dir='ltr'>spinetis</span> <span class='ocrx_word' id='word_1_18' title='bbox 1113 1274 1308 1362; x_wconf 76' lang='lat' dir='ltr'>aggeratae</span> <span class='ocrx_word' id='word_1_19' title='bbox 1334 1274 1372 1343; x_wconf 92' lang='lat' dir='ltr'>et</span> <span class='ocrx_word' id='word_1_20' title='bbox 1398 1291 1558 1363; x_wconf 90' lang='lat' dir='ltr'>quaqua·</span> 
     </span>
     <span class='ocr_line' id='line_1_5' title="bbox 533 1419 1559 1510; baseline -0.002 -19"><span class='ocrx_word' id='word_1_21' title='bbox 533 1439 666 1492; x_wconf 86' lang='lat' dir='ltr'>versus</span> <span class='ocrx_word' id='word_1_22' title='bbox 705 1420 849 1510; x_wconf 88' lang='lat' dir='ltr'>opsitae</span> <span class='ocrx_word' id='word_1_23' title='bbox 887 1419 1099 1491; x_wconf 82' lang='lat' dir='ltr'>naturalem</span> <span class='ocrx_word' id='word_1_24' title='bbox 1137 1419 1298 1490; x_wconf 88' lang='lat' dir='ltr'>tutelam</span> <span class='ocrx_word' id='word_1_25' title='bbox 1337 1419 1559 1509; x_wconf 89' lang='lat' dir='ltr'>praebentes</span> 
     </span>
     <span class='ocr_line' id='line_1_6' title="bbox 533 1566 1560 1658; baseline -0.002 -20"><span class='ocrx_word' id='word_1_26' title='bbox 533 1566 782 1638; x_wconf 77' lang='lat' dir='ltr'>ambiebant’.</span> <span class='ocrx_word' id='word_1_27' title='bbox 810 1567 1058 1658; x_wconf 85' lang='lat' dir='ltr'>Perspicuum</span> <span class='ocrx_word' id='word_1_28' title='bbox 1080 1569 1139 1638; x_wconf 88' lang='lat' dir='ltr'>est</span> <span class='ocrx_word' id='word_1_29' title='bbox 1162 1585 1446 1656; x_wconf 90' lang='lat' dir='ltr'>quaquaversus</span> <span class='ocrx_word' id='word_1_30' title='bbox 1458 1566 1560 1656; x_wconf 79' lang='lat' dir='ltr'>Apu-</span> 
     </span>
    </p>

    <p class='ocr_par' dir='ltr' id='par_1_3' title="bbox 486 1713 1561 1952">
     <span class='ocr_line' id='line_1_7' title="bbox 486 1713 1561 1806; baseline -0.002 -20"><span class='ocrx_word' id='word_1_31' title='bbox 486 1777 489 1786; x_wconf 18' lang='grc' dir='ltr'><strong><em>Δ</em></strong></span> <span class='ocrx_word' id='word_1_32' title='bbox 533 1713 649 1786; x_wconf 89' lang='lat' dir='ltr'>leium</span> <span class='ocrx_word' id='word_1_33' title='bbox 676 1715 848 1804; x_wconf 88' lang='lat' dir='ltr'>posuisse</span> <span class='ocrx_word' id='word_1_34' title='bbox 873 1734 940 1805; x_wconf 90' lang='lat' dir='ltr'>pro</span> <span class='ocrx_word' id='word_1_35' title='bbox 968 1733 1263 1806; x_wconf 88' lang='lat' dir='ltr'>quoquoversus.</span> <span class='ocrx_word' id='word_1_36' title='bbox 1317 1713 1377 1786; x_wconf 87' lang='lat' dir='ltr'>Sic</span> <span class='ocrx_word' id='word_1_37' title='bbox 1401 1713 1561 1785; x_wconf 89' lang='lat' dir='ltr'>Plautus</span> 
     </span>
     <span class='ocr_line' id='line_1_8' title="bbox 534 1861 1132 1952; baseline 0.002 -20"><span class='ocrx_word' id='word_1_38' title='bbox 534 1881 683 1952; x_wconf 87' lang='lat' dir='ltr'>quaqua</span> <span class='ocrx_word' id='word_1_39' title='bbox 708 1863 828 1933; x_wconf 90' lang='lat' dir='ltr'>utitur</span> <span class='ocrx_word' id='word_1_40' title='bbox 854 1862 929 1934; x_wconf 90' lang='lat' dir='ltr'>Mil.</span> <span class='ocrx_word' id='word_1_41' title='bbox 957 1861 1047 1951; x_wconf 91' lang='lat' dir='ltr'>glor.</span> <span class='ocrx_word' id='word_1_42' title='bbox 1075 1863 1132 1933; x_wconf 82' lang='lat'>95.</span> 
     </span>
    </p>

    <p class='ocr_par' dir='ltr' id='par_1_4' title="bbox 486 2008 1561 2252">
     <span class='ocr_line' id='line_1_9' title="bbox 486 2008 1561 2102; baseline -0.001 -22"><span class='ocrx_word' id='word_1_43' title='bbox 486 2009 697 2100; x_wconf 90' lang='lat' dir='ltr'>voluptarie</span> <span class='ocrx_word' id='word_1_44' title='bbox 740 2010 847 2102; x_wconf 85' lang='lat' dir='ltr'>Apul.</span> <span class='ocrx_word' id='word_1_45' title='bbox 888 2011 974 2082; x_wconf 86' lang='lat' dir='ltr'>Met.</span> <span class='ocrx_word' id='word_1_46' title='bbox 1016 2010 1083 2082; x_wconf 91' lang='grc' dir='ltr'>ΠΙ.</span> <span class='ocrx_word' id='word_1_47' title='bbox 1124 2009 1181 2080; x_wconf 80' lang='grc'>21.</span> <span class='ocrx_word' id='word_1_48' title='bbox 1224 2010 1278 2102; x_wconf 83' lang='grc'>19,</span> <span class='ocrx_word' id='word_1_49' title='bbox 1315 2009 1360 2081; x_wconf 89' lang='lat' dir='ltr'>de</span> <span class='ocrx_word' id='word_1_50' title='bbox 1386 2008 1561 2080; x_wconf 88' lang='lat' dir='ltr'>Plautino</span> 
     </span>
     <span class='ocr_line' id='line_1_10' title="bbox 538 2156 1305 2252; baseline -0.003 -23"><span class='ocrx_word' id='word_1_51' title='bbox 538 2156 820 2252; x_wconf 83' lang='lat' dir='ltr'>„voluptarius”</span> <span class='ocrx_word' id='word_1_52' title='bbox 849 2159 934 2230; x_wconf 90' lang='lat' dir='ltr'>vide</span> <span class='ocrx_word' id='word_1_53' title='bbox 959 2157 998 2229; x_wconf 94' lang='lat' dir='ltr'>in</span> <span class='ocrx_word' id='word_1_54' title='bbox 1025 2158 1146 2248; x_wconf 87' lang='lat' dir='ltr'>capite</span> <span class='ocrx_word' id='word_1_55' title='bbox 1171 2157 1305 2248; x_wconf 92' lang='lat' dir='ltr'>primo.</span> 
     </span>
    </p>
   </div>
   <div class='ocr_carea' id='block_1_3' title="bbox 896 2475 1153 2550">
    <p class='ocr_par' dir='ltr' id='par_1_5' title="bbox 896 2475 1153 2550">
     <span class='ocr_line' id='line_1_11' title="bbox 896 2475 1153 2550; baseline 0.008 -4"><span class='ocrx_word' id='word_1_56' title='bbox 896 2475 929 2549; x_wconf 78' lang='lat' dir='ltr'>d.</span> <span class='ocrx_word' id='word_1_57' title='bbox 985 2478 1153 2550; x_wconf 87' lang='lat' dir='ltr'>Verba.</span> 
     </span>
    </p>
   </div>
   <div class='ocr_carea' id='block_1_4' title="bbox 484 2745 1568 4608">
    <p class='ocr_par' dir='ltr' id='par_1_6' title="bbox 488 2745 960 2837">
     <span class='ocr_line' id='line_1_12' title="bbox 488 2745 960 2837; baseline -0.004 -18"><span class='ocrx_word' id='word_1_58' title='bbox 488 2746 738 2837; x_wconf 86' lang='lat' dir='ltr'>Pervenimus</span> <span class='ocrx_word' id='word_1_59' title='bbox 764 2745 811 2817; x_wconf 85' lang='lat' dir='ltr'>ad</span> <span class='ocrx_word' id='word_1_60' title='bbox 837 2745 960 2817; x_wconf 85' lang='lat' dir='ltr'>verba.</span> 
     </span>
    </p>

    <p class='ocr_par' dir='ltr' id='par_1_7' title="bbox 489 2891 1561 2986">
     <span class='ocr_line' id='line_1_13' title="bbox 489 2891 1561 2986; baseline -0.001 -21"><span class='ocrx_word' id='word_1_61' title='bbox 489 2893 725 2983; x_wconf 90' lang='lat' dir='ltr'>abligurrire..</span> <span class='ocrx_word' id='word_1_62' title='bbox 744 2891 858 2983; x_wconf 80' lang='lat' dir='ltr'>Apul.</span> <span class='ocrx_word' id='word_1_63' title='bbox 886 2893 974 2963; x_wconf 88' lang='lat' dir='ltr'>Met.</span> <span class='ocrx_word' id='word_1_64' title='bbox 1000 2893 1049 2964; x_wconf 90' lang='lat' dir='ltr'>X.</span> <span class='ocrx_word' id='word_1_65' title='bbox 1080 2892 1134 2965; x_wconf 84' lang='lat'>14.</span> <span class='ocrx_word' id='word_1_66' title='bbox 1162 2893 1220 2986; x_wconf 77' lang='lat'>21,</span> <span class='ocrx_word' id='word_1_67' title='bbox 1248 2893 1354 2980; x_wconf 83' lang='lat' dir='ltr'>(conf.</span> <span class='ocrx_word' id='word_1_68' title='bbox 1371 2894 1451 2965; x_wconf 88' lang='lat' dir='ltr'>Ter.</span> <span class='ocrx_word' id='word_1_69' title='bbox 1467 2893 1561 2965; x_wconf 83' lang='lat' dir='ltr'>Eun.</span> 
     </span>
    </p>

    <p class='ocr_par' dir='ltr' id='par_1_8' title="bbox 484 3003 1561 3134">
     <span class='ocr_line' id='line_1_14' title="bbox 484 3003 1561 3134; baseline -0.002 -23"><span class='ocrx_word' id='word_1_70' title='bbox 484 3107 485 3110; x_wconf 9' lang='lat' dir='ltr'>a</span> <span class='ocrx_word' id='word_1_71' title='bbox 539 3041 622 3128; x_wconf 79' lang='lat'><strong>235)</strong></span> <span class='ocrx_word' id='word_1_72' title='bbox 647 3003 806 3113; x_wconf 82' lang='lat' dir='ltr'>Plautus</span> <span class='ocrx_word' id='word_1_73' title='bbox 831 3040 944 3112; x_wconf 88' lang='lat' dir='ltr'>habet</span> <span class='ocrx_word' id='word_1_74' title='bbox 970 3040 1128 3126; x_wconf 87' lang='lat' dir='ltr'>verbum</span> <span class='ocrx_word' id='word_1_75' title='bbox 1155 3036 1369 3134; x_wconf 78' lang='lat' dir='ltr'>„ligurrire”</span> <span class='ocrx_word' id='word_1_76' title='bbox 1385 3039 1490 3130; x_wconf 83' lang='lat' dir='ltr'>Oapt.</span> <span class='ocrx_word' id='word_1_77' title='bbox 1505 3038 1561 3110; x_wconf 86' lang='grc'>84.</span> 
     </span>
    </p>

    <p class='ocr_par' dir='ltr' id='par_1_9' title="bbox 489 3186 1565 3574">
     <span class='ocr_line' id='line_1_15' title="bbox 489 3186 1565 3280; baseline -0.003 -21"><span class='ocrx_word' id='word_1_78' title='bbox 489 3188 653 3280; x_wconf 89' lang='lat' dir='ltr'>adorare.</span> <span class='ocrx_word' id='word_1_79' title='bbox 688 3188 844 3260; x_wconf 90' lang='lat' dir='ltr'>Duobus</span> <span class='ocrx_word' id='word_1_80' title='bbox 878 3188 970 3261; x_wconf 87' lang='lat' dir='ltr'>locis</span> <span class='ocrx_word' id='word_1_81' title='bbox 995 3187 1180 3279; x_wconf 82' lang='lat' dir='ltr'>Apuleius</span> <span class='ocrx_word' id='word_1_82' title='bbox 1205 3189 1277 3259; x_wconf 93' lang='lat' dir='ltr'>hoc</span> <span class='ocrx_word' id='word_1_83' title='bbox 1303 3187 1418 3259; x_wconf 85' lang='lat' dir='ltr'>verbo</span> <span class='ocrx_word' id='word_1_84' title='bbox 1445 3186 1565 3257; x_wconf 90' lang='lat' dir='ltr'>utitur</span> 
     </span>
     <span class='ocr_line' id='line_1_16' title="bbox 538 3333 1563 3429; baseline -0.001 -24"><span class='ocrx_word' id='word_1_85' title='bbox 538 3354 582 3406; x_wconf 90' lang='lat' dir='ltr'>ea</span> <span class='ocrx_word' id='word_1_86' title='bbox 608 3335 888 3428; x_wconf 82' lang='lat' dir='ltr'>significatione,</span> <span class='ocrx_word' id='word_1_87' title='bbox 925 3356 999 3427; x_wconf 90' lang='lat' dir='ltr'>qua</span> <span class='ocrx_word' id='word_1_88' title='bbox 1024 3339 1156 3427; x_wconf 89' lang='lat' dir='ltr'>postea</span> <span class='ocrx_word' id='word_1_89' title='bbox 1180 3337 1353 3408; x_wconf 89' lang='lat' dir='ltr'>auctores</span> <span class='ocrx_word' id='word_1_90' title='bbox 1381 3333 1563 3429; x_wconf 81' lang='lat' dir='ltr'>„alloqui”</span> 
     </span>
     <span class='ocr_line' id='line_1_17' title="bbox 540 3481 1564 3574; baseline -0.001 -22"><span class='ocrx_word' id='word_1_91' title='bbox 540 3481 660 3553; x_wconf 89' lang='lat' dir='ltr'>dicere</span> <span class='ocrx_word' id='word_1_92' title='bbox 686 3482 866 3574; x_wconf 84' lang='lat' dir='ltr'>solebant,</span> <span class='ocrx_word' id='word_1_93' title='bbox 890 3482 1031 3554; x_wconf 87' lang='lat' dir='ltr'>scilicet</span> <span class='ocrx_word' id='word_1_94' title='bbox 1057 3483 1144 3554; x_wconf 88' lang='lat' dir='ltr'>Met.</span> <span class='ocrx_word' id='word_1_95' title='bbox 1170 3481 1218 3554; x_wconf 89' lang='grc' dir='ltr'>Π.</span> <span class='ocrx_word' id='word_1_96' title='bbox 1246 3483 1303 3553; x_wconf 76' lang='grc'>29.</span> <span class='ocrx_word' id='word_1_97' title='bbox 1336 3481 1398 3552; x_wconf 85' lang='grc'>18;</span> <span class='ocrx_word' id='word_1_98' title='bbox 1429 3499 1564 3573; x_wconf 79' lang='lat' dir='ltr'>„popu-</span> 
     </span>
    </p>

    <p class='ocr_par' dir='ltr' id='par_1_10' title="bbox 485 3627 1567 4016">
     <span class='ocr_line' id='line_1_18' title="bbox 485 3627 1564 3701; baseline -0.001 -1"><span class='ocrx_word' id='word_1_99' title='bbox 485 3695 487 3700; x_wconf 86' lang='lat'><em>.</em></span> <span class='ocrx_word' id='word_1_100' title='bbox 539 3628 620 3700; x_wconf 92' lang='lat' dir='ltr'>lum</span> <span class='ocrx_word' id='word_1_101' title='bbox 646 3628 700 3700; x_wconf 89' lang='lat' dir='ltr'>sic</span> <span class='ocrx_word' id='word_1_102' title='bbox 722 3628 874 3700; x_wconf 89' lang='lat' dir='ltr'>adorat&#39;&#39;</span> <span class='ocrx_word' id='word_1_103' title='bbox 898 3633 935 3701; x_wconf 92' lang='lat' dir='ltr'>et</span> <span class='ocrx_word' id='word_1_104' title='bbox 949 3629 1036 3701; x_wconf 87' lang='lat' dir='ltr'>Met.</span> <span class='ocrx_word' id='word_1_105' title='bbox 1052 3628 1119 3701; x_wconf 89' lang='grc' dir='ltr'>ΙΠ.</span> <span class='ocrx_word' id='word_1_106' title='bbox 1136 3629 1168 3700; x_wconf 83' lang='lat'>3.</span> <span class='ocrx_word' id='word_1_107' title='bbox 1184 3629 1217 3700; x_wconf 79' lang='lat'>4.</span> <span class='ocrx_word' id='word_1_108' title='bbox 1233 3628 1293 3700; x_wconf 87' lang='lat' dir='ltr'>Ad</span> <span class='ocrx_word' id='word_1_109' title='bbox 1308 3627 1409 3700; x_wconf 89' lang='lat' dir='ltr'>hunc</span> <span class='ocrx_word' id='word_1_110' title='bbox 1421 3627 1564 3700; x_wconf 87' lang='lat' dir='ltr'>Ouden-</span> 
     </span>
     <span class='ocr_line' id='line_1_19' title="bbox 540 3775 1566 3870; baseline -0.001 -22"><span class='ocrx_word' id='word_1_111' title='bbox 540 3777 693 3869; x_wconf 89' lang='lat' dir='ltr'>dorpius</span> <span class='ocrx_word' id='word_1_112' title='bbox 719 3779 894 3849; x_wconf 91' lang='lat' dir='ltr'>annotat:</span> <span class='ocrx_word' id='word_1_113' title='bbox 924 3778 1105 3870; x_wconf 75' lang='lat' dir='ltr'>„proprie</span> <span class='ocrx_word' id='word_1_114' title='bbox 1133 3777 1214 3849; x_wconf 84' lang='lat' dir='ltr'>sive</span> <span class='ocrx_word' id='word_1_115' title='bbox 1240 3796 1303 3848; x_wconf 93' lang='lat' dir='ltr'>ore</span> <span class='ocrx_word' id='word_1_116' title='bbox 1329 3777 1383 3849; x_wconf 91' lang='lat' dir='ltr'>sic</span> <span class='ocrx_word' id='word_1_117' title='bbox 1407 3775 1507 3847; x_wconf 87' lang='lat' dir='ltr'>fatur</span> <span class='ocrx_word' id='word_1_118' title='bbox 1521 3776 1566 3847; x_wconf 88' lang='lat' dir='ltr'>ad</span> 
     </span>
     <span class='ocr_line' id='line_1_20' title="bbox 540 3923 1567 4016; baseline -0.002 -20"><span class='ocrx_word' id='word_1_119' title='bbox 540 3923 759 4016; x_wconf 87' lang='lat' dir='ltr'>populum.”</span> <span class='ocrx_word' id='word_1_120' title='bbox 799 3926 924 4016; x_wconf 79' lang='lat' dir='ltr'>HuJ&#39;us</span> <span class='ocrx_word' id='word_1_121' title='bbox 950 3925 1122 4016; x_wconf 88' lang='lat' dir='ltr'>propriae</span> <span class='ocrx_word' id='word_1_122' title='bbox 1153 3923 1435 4015; x_wconf 86' lang='lat' dir='ltr'>significationis</span> <span class='ocrx_word' id='word_1_123' title='bbox 1464 3923 1567 3995; x_wconf 84' lang='lat' dir='ltr'>verbi</span> 
     </span>
    </p>

    <p class='ocr_par' dir='ltr' id='par_1_11' title="bbox 484 4071 1568 4608">
     <span class='ocr_line' id='line_1_21' title="bbox 484 4071 1568 4164; baseline -0.002 -20"><span class='ocrx_word' id='word_1_124' title='bbox 484 4137 488 4144; x_wconf 91' lang='lat'>.</span> <span class='ocrx_word' id='word_1_125' title='bbox 540 4073 718 4146; x_wconf 88' lang='lat' dir='ltr'>adorandi</span> <span class='ocrx_word' id='word_1_126' title='bbox 744 4073 963 4164; x_wconf 82' lang='lat' dir='ltr'>exemplum</span> <span class='ocrx_word' id='word_1_127' title='bbox 989 4072 1088 4163; x_wconf 88' lang='lat' dir='ltr'>apud</span> <span class='ocrx_word' id='word_1_128' title='bbox 1114 4072 1232 4144; x_wconf 89' lang='lat' dir='ltr'>alium</span> <span class='ocrx_word' id='word_1_129' title='bbox 1256 4071 1479 4162; x_wconf 88' lang='lat' dir='ltr'>scriptorem</span> <span class='ocrx_word' id='word_1_130' title='bbox 1492 4090 1568 4143; x_wconf 92' lang='lat' dir='ltr'>non</span> 
     </span>
     <span class='ocr_line' id='line_1_22' title="bbox 542 4218 1566 4308; baseline -0.002 -18"><span class='ocrx_word' id='word_1_131' title='bbox 542 4223 677 4291; x_wconf 82' lang='lat' dir='ltr'>exstat.</span> <span class='ocrx_word' id='word_1_132' title='bbox 718 4219 993 4293; x_wconf 79' lang='lat' dir='ltr'>Conferendum</span> <span class='ocrx_word' id='word_1_133' title='bbox 1027 4223 1153 4291; x_wconf 89' lang='lat' dir='ltr'>autem</span> <span class='ocrx_word' id='word_1_134' title='bbox 1186 4221 1248 4290; x_wconf 92' lang='lat' dir='ltr'>est</span> <span class='ocrx_word' id='word_1_135' title='bbox 1274 4237 1361 4290; x_wconf 89' lang='lat' dir='ltr'>curn</span> <span class='ocrx_word' id='word_1_136' title='bbox 1386 4218 1458 4289; x_wconf 91' lang='lat' dir='ltr'>hoc</span> <span class='ocrx_word' id='word_1_137' title='bbox 1484 4237 1566 4308; x_wconf 88' lang='lat' dir='ltr'>usu,</span> 
     </span>
     <span class='ocr_line' id='line_1_23' title="bbox 541 4363 1568 4462; baseline -0.005 -23"><span class='ocrx_word' id='word_1_138' title='bbox 541 4368 701 4440; x_wconf 89' lang='lat' dir='ltr'>verbum</span> <span class='ocrx_word' id='word_1_139' title='bbox 728 4368 890 4462; x_wconf 72' lang='lat' dir='ltr'>„orare”</span> <span class='ocrx_word' id='word_1_140' title='bbox 914 4368 1013 4459; x_wconf 89' lang='lat' dir='ltr'>quod</span> <span class='ocrx_word' id='word_1_141' title='bbox 1040 4368 1198 4438; x_wconf 89' lang='lat' dir='ltr'>Plautus</span> <span class='ocrx_word' id='word_1_142' title='bbox 1224 4370 1262 4438; x_wconf 90' lang='lat' dir='ltr'>et</span> <span class='ocrx_word' id='word_1_143' title='bbox 1275 4368 1362 4457; x_wconf 91' lang='lat' dir='ltr'>post</span> <span class='ocrx_word' id='word_1_144' title='bbox 1375 4383 1463 4436; x_wconf 92' lang='lat' dir='ltr'>eum</span> <span class='ocrx_word' id='word_1_145' title='bbox 1478 4363 1568 4456; x_wconf 90' lang='lat' dir='ltr'>opti·</span> 
     </span>
     <span class='ocr_line' id='line_1_24' title="bbox 540 4510 1568 4608; baseline -0.006 -21"><span class='ocrx_word' id='word_1_146' title='bbox 540 4533 627 4608; x_wconf 89' lang='lat' dir='ltr'>mae</span> <span class='ocrx_word' id='word_1_147' title='bbox 663 4515 879 4587; x_wconf 85' lang='lat' dir='ltr'>Latinitatis</span> <span class='ocrx_word' id='word_1_148' title='bbox 917 4517 1050 4606; x_wconf 85' lang='lat' dir='ltr'>poetae</span> <span class='ocrx_word' id='word_1_149' title='bbox 1087 4516 1248 4598; x_wconf 89' lang='lat' dir='ltr'>utuntur</span> <span class='ocrx_word' id='word_1_150' title='bbox 1286 4511 1396 4604; x_wconf 91' lang='lat' dir='ltr'>plane</span> <span class='ocrx_word' id='word_1_151' title='bbox 1436 4510 1568 4595; x_wconf 89' lang='lat' dir='ltr'>eodem</span> 
     </span>
    </p>
   </div>
   <div class='ocr_carea' id='block_1_5' title="bbox 0 0 1817 5734">
    <p class='ocr_par' dir='ltr' id='par_1_12' title="bbox 0 0 1817 5734">
     <span class='ocr_line' id='line_1_25' title="bbox 0 0 1817 5734; baseline 0 0"><span class='ocrx_word' id='word_1_152' title='bbox 0 0 1817 5734; x_wconf 95' lang='lat' dir='ltr'> </span> 
     </span>
    </p>
   </div>
  </div>
 </body>
</html>
