3516 5730
745 667 806 728 115

235 900 408 992 (scitulos
447 902 508 973 hic
545 921 620 974 non
646 901 838 974 deforma
866 903 966 974 sumi
992 922 1113 996 posse,
1141 904 1225 994 quis
1252 905 1311 976 ost

235 1049 325 1140 quin
352 1050 500 1136 videat).
528 1051 647 1140 Quam
674 1051 819 1122 multus
844 1050 894 1123 sit
919 1051 1077 1123 Plautus
1095 1051 1133 1122 in
1155 1051 1312 1123 vocibus

238 1197 440 1289 „scitulos”
478 1199 640 1291 „scitus”
671 1198 861 1293 ,‚scitule’'‚
890 1218 1004 1289 supra
1025 1199 1106 1288 jam
1135 1198 1309 1291 vidimus,

235 1346 278 1414 ut
302 1347 433 1415 tamen
458 1345 677 1437 exemplum
703 1344 827 1438 hujus,
855 1345 900 1418 de
926 1365 1000 1437 quo
1026 1346 1197 1438 dicimus,
1218 1365 1311 1417 usus

235 1490 334 1582 apud
371 1491 551 1564 Plautum
589 1492 803 1585 afferamus
844 1493 953 1565 oredo
991 1513 1076 1565 eam
1115 1494 1310 1566 notionem

235 1639 377 1729 optime
403 1659 582 1730 apparere
608 1640 647 1710 in
673 1640 793 1712 Plaut.
821 1641 932 1712 Mero.
963 1641 1066 1712 1019.

285 1787 488 1880 „Amasio”
508 1791 546 1860 et
562 1788 787 1882 „amasius”
803 1788 848 1860 de
862 1808 1023 1879 quorum
1038 1788 1309 1860 vocabulorum

233 1937 513 2009 terminationis
560 1937 811 2027 discrepantia
858 1955 973 2027 supra
1011 1937 1091 2026 jam
1131 1936 1308 2027 diximus,

235 2083 424 2173 pertinent
449 2082 496 2154 ad
522 2083 720 2174 utriusque
742 2083 936 2174 scriptoris
949 2083 1002 2154 rei
1017 2083 1190 2155 veneriae
1206 2102 1309 2155 vooa-

235 2230 433 2302 bolarium.
485 2231 590 2320 Quod
623 2230 670 2302 ad
696 2231 798 2302 locos
824 2230 910 2302 vide
936 2231 1149 2320 catalogum
1175 2230 1309 2323 capitis

234 2379 357 2468 primi.

282 2526 392 2597 Hanc
417 2526 455 2596 in
468 2525 605 2597 seriem
620 2526 735 2597 etiam
749 2525 994 2615 redigendum
1009 2529 1067 2597 est
1080 2525 1306 2597 vocabulum

236 2672 491 2766 „Catamitus”
532 2672 694 2763 (qualem
732 2671 779 2743 ad
817 2691 988 2744 amorem
1019 2672 1308 2762 significandum

234 2822 437 2912 usurpetur
475 2821 622 2892 moneri
660 2839 736 2891 non
774 2839 870 2910 opus
908 2838 990 2890 esse
1024 2819 1119 2890 mihi
1146 2818 1307 2905 videtur)

234 2968 346 3060 Apul.
373 2968 461 3040 Met.
489 2967 518 3038 l.
536 2967 591 3038 12.
608 2968 649 3038 5:
679 2965 762 3061 „hic
788 2969 916 3038 est...
944 2985 1053 3038 carus
1078 2966 1306 3058 Endymion,

232 3115 292 3186 hio
318 3115 530 3189 Catamitus
555 3113 699 3185 meus.’'
727 3113 830 3186 Conf.
858 3114 945 3184 Met.
965 3112 1033 3184 XI.
1048 3114 1080 3185 8.
1103 3113 1157 3184 12.
1183 3112 1305 3185 Plaut.

233 3261 328 3334 Men.
359 3261 439 3332 144.

279 3409 334 3480 De
372 3409 473 3479 veris
510 3409 654 3499 nuptiis
679 3411 851 3480 auctores
877 3408 996 3480 nostri
1022 3408 1162 3478 habent
1187 3428 1304 3479 unam

232 3554 437 3626 alteramve
463 3555 692 3626 locutionem
715 3555 760 3626 ab
775 3554 935 3626 aliorum
950 3554 1117 3626 oratione
1131 3553 1303 3626 alienam.

232 3701 331 3774 Talis
369 3722 447 3774 vox
485 3705 543 3773 est
581 3702 741 3772 verbum
771 3700 1003 3791 conciliandi,
1031 3700 1130 3790 quod
1155 3701 1305 3790 proprie

231 3851 435 3938 usurpatur
465 3848 510 3919 de
535 3849 679 3938 nuptiis
704 3847 817 3939 Apul.
844 3848 954 3938 Apol.
983 3849 1048 3919 68:
1079 3867 1304 3940 „puerorum

231 4017 325 4069 avus
364 3997 526 4069 invitam
561 4017 645 4068 eam
672 3998 869 4070 conciliare
895 3997 1071 4070 studebat
1096 3997 1203 4068 alteri
1229 3996 1303 4067 filio

232 4141 335 4216 suo.‘’
362 4143 484 4216 Plaut.
512 4144 613 4215 Trin.
641 4145 731 4216 386:
761 4146 865 4238 „tute
890 4145 937 4216 ad
964 4164 1052 4216 eum
1079 4144 1200 4235 adeas
1222 4147 1304 4214 tute

230 4292 413 4384 concilies,
441 4295 523 4363 tute
548 4293 717 4382 poscas”
746 4293 845 4364 Trin.
873 4292 955 4363 442.
983 4292 1051 4382 Sq:
