<?xml version="1.0" encoding="UTF-8"?>
<!DOCTYPE html PUBLIC "-//W3C//DTD XHTML 1.0 Transitional//EN"
    "http://www.w3.org/TR/xhtml1/DTD/xhtml1-transitional.dtd">
<html xmlns="http://www.w3.org/1999/xhtml" xml:lang="en" lang="en">
 <head>
  <title>
</title>
<meta http-equiv="Content-Type" content="text/html;charset=utf-8" />
  <meta name='ocr-system' content='tesseract 3.04.00' />
  <meta name='ocr-capabilities' content='ocr_page ocr_carea ocr_par ocr_line ocrx_word'/>
</head>
<body>
  <div class='ocr_page' id='page_1' title='image "./deapuleistudiis00unkngoog_0025.png"; bbox 0 0 3590 5734; ppageno 0'>
   <div class='ocr_carea' id='block_1_1' title="bbox 888 666 1042 750">
    <p class='ocr_par' dir='ltr' id='par_1_1' title="bbox 888 666 1042 750">
     <span class='ocr_line' id='line_1_1' title="bbox 888 666 1042 750; baseline 0.013 -23"><span class='ocrx_word' id='word_1_1' title='bbox 888 666 1042 750; x_wconf 22' lang='lat' dir='ltr'>fa</span> 
     </span>
    </p>
   </div>
   <div class='ocr_carea' id='block_1_2' title="bbox 459 903 1534 995">
    <p class='ocr_par' dir='ltr' id='par_1_2' title="bbox 459 903 1534 995">
     <span class='ocr_line' id='line_1_2' title="bbox 459 903 1534 995; baseline 0.001 -21"><span class='ocrx_word' id='word_1_2' title='bbox 459 903 540 993; x_wconf 87' lang='lat' dir='ltr'>ejus</span> <span class='ocrx_word' id='word_1_3' title='bbox 566 903 729 974; x_wconf 90' lang='lat' dir='ltr'>summis</span> <span class='ocrx_word' id='word_1_4' title='bbox 755 903 903 975; x_wconf 88' lang='lat' dir='ltr'>viribus·</span> <span class='ocrx_word' id='word_1_5' title='bbox 922 903 1104 974; x_wconf 77' lang='lat' dir='ltr'>faverant.</span> <span class='ocrx_word' id='word_1_6' title='bbox 1145 903 1266 995; x_wconf 80' lang='lat' dir='ltr'>Opera</span> <span class='ocrx_word' id='word_1_7' title='bbox 1289 903 1534 994; x_wconf 90' lang='lat' dir='ltr'>antiquorum</span> 
     </span>
    </p>
   </div>
   <div class='ocr_carea' id='block_1_3' title="bbox 445 1049 1536 4530">
    <p class='ocr_par' dir='ltr' id='par_1_3' title="bbox 455 1049 1536 2759">
     <span class='ocr_line' id='line_1_3' title="bbox 460 1049 1536 1141; baseline -0.001 -20"><span class='ocrx_word' id='word_1_8' title='bbox 460 1049 787 1141; x_wconf 80' lang='lat' dir='ltr'>posteriorumque</span> <span class='ocrx_word' id='word_1_9' title='bbox 827 1051 1055 1141; x_wconf 89' lang='lat' dir='ltr'>scriptorum</span> <span class='ocrx_word' id='word_1_10' title='bbox 1094 1049 1436 1141; x_wconf 89' lang='lat' dir='ltr'>comparandorum</span> <span class='ocrx_word' id='word_1_11' title='bbox 1457 1070 1536 1140; x_wconf 89' lang='lat' dir='ltr'>par-</span> 
     </span>
     <span class='ocr_line' id='line_1_4' title="bbox 460 1195 1536 1287; baseline 0.003 -22"><span class='ocrx_word' id='word_1_12' title='bbox 460 1195 529 1266; x_wconf 91' lang='lat' dir='ltr'>tim</span> <span class='ocrx_word' id='word_1_13' title='bbox 553 1196 634 1285; x_wconf 80' lang='lat' dir='ltr'>J&#39;am</span> <span class='ocrx_word' id='word_1_14' title='bbox 660 1195 832 1286; x_wconf 92' lang='lat' dir='ltr'>impensa</span> <span class='ocrx_word' id='word_1_15' title='bbox 858 1199 925 1287; x_wconf 83' lang='lat' dir='ltr'>est,</span> <span class='ocrx_word' id='word_1_16' title='bbox 953 1197 1092 1287; x_wconf 87' lang='lat' dir='ltr'>partim</span> <span class='ocrx_word' id='word_1_17' title='bbox 1118 1196 1232 1267; x_wconf 88' lang='lat' dir='ltr'>etiam</span> <span class='ocrx_word' id='word_1_18' title='bbox 1255 1196 1536 1268; x_wconf 83' lang='lat' dir='ltr'>nuncfacienda</span> 
     </span>
     <span class='ocr_line' id='line_1_5' title="bbox 459 1343 1534 1435; baseline 0.003 -23"><span class='ocrx_word' id='word_1_19' title='bbox 459 1343 588 1414; x_wconf 88' lang='lat' dir='ltr'>relicta</span> <span class='ocrx_word' id='word_1_20' title='bbox 621 1346 688 1435; x_wconf 83' lang='lat' dir='ltr'>est,</span> <span class='ocrx_word' id='word_1_21' title='bbox 723 1363 843 1434; x_wconf 91' lang='lat' dir='ltr'>neque</span> <span class='ocrx_word' id='word_1_22' title='bbox 879 1343 987 1415; x_wconf 89' lang='lat' dir='ltr'>credo</span> <span class='ocrx_word' id='word_1_23' title='bbox 1020 1343 1123 1415; x_wconf 89' lang='lat' dir='ltr'>illam</span> <span class='ocrx_word' id='word_1_24' title='bbox 1150 1363 1304 1435; x_wconf 90' lang='lat' dir='ltr'>operam</span> <span class='ocrx_word' id='word_1_25' title='bbox 1330 1361 1470 1415; x_wconf 93' lang='lat' dir='ltr'>vanam</span> <span class='ocrx_word' id='word_1_26' title='bbox 1497 1348 1534 1416; x_wconf 89' lang='lat' dir='ltr'>et</span> 
     </span>
     <span class='ocr_line' id='line_1_6' title="bbox 458 1489 1534 1582; baseline 0.004 -23"><span class='ocrx_word' id='word_1_27' title='bbox 458 1489 608 1560; x_wconf 92' lang='lat' dir='ltr'>inanem</span> <span class='ocrx_word' id='word_1_28' title='bbox 630 1490 716 1581; x_wconf 82' lang='lat' dir='ltr'>iore,</span> <span class='ocrx_word' id='word_1_29' title='bbox 745 1491 777 1561; x_wconf 94' lang='lat' dir='ltr'>si</span> <span class='ocrx_word' id='word_1_30' title='bbox 804 1490 979 1562; x_wconf 89' lang='lat' dir='ltr'>omnibus</span> <span class='ocrx_word' id='word_1_31' title='bbox 1005 1491 1078 1562; x_wconf 88' lang='lat' dir='ltr'>illis</span> <span class='ocrx_word' id='word_1_32' title='bbox 1104 1490 1349 1582; x_wconf 76' lang='lat' dir='ltr'>scriptoribus</span> <span class='ocrx_word' id='word_1_33' title='bbox 1375 1491 1534 1582; x_wconf 84' lang='lat' dir='ltr'>singilla-</span> 
     </span>
     <span class='ocr_line' id='line_1_7' title="bbox 456 1607 1534 1730; baseline 0.004 -24"><span class='ocrx_word' id='word_1_34' title='bbox 456 1637 525 1707; x_wconf 87' lang='lat' dir='ltr'>tim</span> <span class='ocrx_word' id='word_1_35' title='bbox 554 1637 784 1709; x_wconf 87' lang='lat' dir='ltr'>adhibeatur.</span> <span class='ocrx_word' id='word_1_36' title='bbox 835 1639 890 1709; x_wconf 91' lang='lat' dir='ltr'>De</span> <span class='ocrx_word' id='word_1_37' title='bbox 915 1638 1116 1730; x_wconf 76' lang='lat' dir='ltr'>Frontone,</span> <span class='ocrx_word' id='word_1_38' title='bbox 1158 1638 1203 1709; x_wconf 89' lang='lat' dir='ltr'>de</span> <span class='ocrx_word' id='word_1_39' title='bbox 1229 1637 1348 1710; x_wconf 82' lang='lat' dir='ltr'>Gellio</span> <span class='ocrx_word' id='word_1_40' title='bbox 1376 1607 1534 1729; x_wconf 85' lang='lat' dir='ltr'>antiqui-</span> 
     </span>
     <span class='ocr_line' id='line_1_8' title="bbox 455 1785 1533 1877; baseline 0.001 -21"><span class='ocrx_word' id='word_1_41' title='bbox 455 1785 556 1877; x_wconf 84' lang='lat' dir='ltr'>tatis,</span> <span class='ocrx_word' id='word_1_42' title='bbox 596 1786 818 1877; x_wconf 87' lang='lat' dir='ltr'>praesertim</span> <span class='ocrx_word' id='word_1_43' title='bbox 847 1786 1057 1876; x_wconf 90' lang='lat' dir='ltr'>priscorum</span> <span class='ocrx_word' id='word_1_44' title='bbox 1101 1785 1332 1857; x_wconf 77' lang='lat' dir='ltr'>comicorum</span> <span class='ocrx_word' id='word_1_45' title='bbox 1372 1786 1533 1857; x_wconf 85' lang='lat' dir='ltr'>imitato·</span> 
     </span>
     <span class='ocr_line' id='line_1_9' title="bbox 455 1931 1533 2023; baseline 0.003 -22"><span class='ocrx_word' id='word_1_46' title='bbox 455 1931 560 2003; x_wconf 88' lang='lat' dir='ltr'>ribus</span> <span class='ocrx_word' id='word_1_47' title='bbox 586 1934 744 2004; x_wconf 90' lang='lat' dir='ltr'>constat.</span> <span class='ocrx_word' id='word_1_48' title='bbox 774 1933 846 2004; x_wconf 82' lang='lat' dir='ltr'>Sed</span> <span class='ocrx_word' id='word_1_49' title='bbox 869 1934 950 2023; x_wconf 80' lang='lat' dir='ltr'>Jam</span> <span class='ocrx_word' id='word_1_50' title='bbox 965 1933 1167 2004; x_wconf 83' lang='lat' dir='ltr'>Suetonius</span> <span class='ocrx_word' id='word_1_51' title='bbox 1181 1932 1353 2003; x_wconf 85' lang='lat' dir='ltr'>multam</span> <span class='ocrx_word' id='word_1_52' title='bbox 1370 1931 1533 2004; x_wconf 88' lang='lat' dir='ltr'>dictione</span> 
     </span>
     <span class='ocr_line' id='line_1_10' title="bbox 456 2078 1532 2190; baseline 0.001 -41"><span class='ocrx_word' id='word_1_53' title='bbox 456 2078 641 2190; x_wconf 13' lang='lat' dir='ltr'>sumpsit*</span> <span class='ocrx_word' id='word_1_54' title='bbox 663 2098 711 2150; x_wconf 82' lang='lat' dir='ltr'>ex</span> <span class='ocrx_word' id='word_1_55' title='bbox 750 2079 885 2151; x_wconf 89' lang='lat' dir='ltr'>Plauto</span> <span class='ocrx_word' id='word_1_56' title='bbox 923 2080 1181 2170; x_wconf 84' lang='lat' dir='ltr'>Terentioque,</span> <span class='ocrx_word' id='word_1_57' title='bbox 1231 2099 1399 2169; x_wconf 91' lang='lat' dir='ltr'>quaeque</span> <span class='ocrx_word' id='word_1_58' title='bbox 1438 2080 1532 2151; x_wconf 88' lang='lat' dir='ltr'>mihi</span> 
     </span>
     <span class='ocr_line' id='line_1_11' title="bbox 459 2223 1532 2316; baseline 0.002 -21"><span class='ocrx_word' id='word_1_59' title='bbox 459 2223 683 2297; x_wconf 83' lang='lat' dir='ltr'>Suetonium</span> <span class='ocrx_word' id='word_1_60' title='bbox 721 2227 858 2316; x_wconf 83' lang='lat' dir='ltr'>legenti</span> <span class='ocrx_word' id='word_1_61' title='bbox 895 2227 934 2297; x_wconf 91' lang='lat' dir='ltr'>in</span> <span class='ocrx_word' id='word_1_62' title='bbox 968 2226 1140 2297; x_wconf 88' lang='lat' dir='ltr'>animum</span> <span class='ocrx_word' id='word_1_63' title='bbox 1166 2225 1372 2315; x_wconf 83' lang='lat' dir='ltr'>subierunt,</span> <span class='ocrx_word' id='word_1_64' title='bbox 1401 2245 1532 2297; x_wconf 88' lang='lat' dir='ltr'>earne</span> 
     </span>
     <span class='ocr_line' id='line_1_12' title="bbox 455 2372 1530 2465; baseline 0.003 -23"><span class='ocrx_word' id='word_1_65' title='bbox 455 2372 646 2446; x_wconf 89' lang='lat' dir='ltr'>invenisse</span> <span class='ocrx_word' id='word_1_66' title='bbox 680 2373 825 2465; x_wconf 89' lang='lat' dir='ltr'>prolata</span> <span class='ocrx_word' id='word_1_67' title='bbox 857 2375 896 2444; x_wconf 92' lang='lat' dir='ltr'>in</span> <span class='ocrx_word' id='word_1_68' title='bbox 930 2374 1158 2465; x_wconf 73' lang='lat' dir='ltr'>praefatione</span> <span class='ocrx_word' id='word_1_69' title='bbox 1197 2374 1244 2445; x_wconf 91' lang='lat' dir='ltr'>ad</span> <span class='ocrx_word' id='word_1_70' title='bbox 1283 2373 1451 2446; x_wconf 83' lang='lat' dir='ltr'>Suetonii</span> <span class='ocrx_word' id='word_1_71' title='bbox 1479 2375 1530 2445; x_wconf 88' lang='lat' dir='ltr'>vi-</span> 
     </span>
     <span class='ocr_line' id='line_1_13' title="bbox 455 2521 1530 2614; baseline 0.003 -23"><span class='ocrx_word' id='word_1_72' title='bbox 455 2523 537 2592; x_wconf 85' lang='lat' dir='ltr'>tam</span> <span class='ocrx_word' id='word_1_73' title='bbox 570 2521 736 2611; x_wconf 84' lang='lat' dir='ltr'>Augusti</span> <span class='ocrx_word' id='word_1_74' title='bbox 769 2541 890 2614; x_wconf 91' lang='lat' dir='ltr'>nuper</span> <span class='ocrx_word' id='word_1_75' title='bbox 924 2522 1064 2592; x_wconf 89' lang='lat' dir='ltr'>editam</span> <span class='ocrx_word' id='word_1_76' title='bbox 1096 2541 1190 2592; x_wconf 87' lang='lat' dir='ltr'>av.</span> <span class='ocrx_word' id='word_1_77' title='bbox 1219 2521 1252 2592; x_wconf 93' lang='lat' dir='ltr'>d.</span> <span class='ocrx_word' id='word_1_78' title='bbox 1281 2521 1530 2613; x_wconf 83' lang='lat' dir='ltr'>Shuckburgh</span> 
     </span>
     <span class='ocr_line' id='line_1_14' title="bbox 455 2670 989 2759; baseline 0.006 -21"><span class='ocrx_word' id='word_1_79' title='bbox 455 2687 684 2759; x_wconf 85' lang='lat' dir='ltr'>magnopere</span> <span class='ocrx_word' id='word_1_80' title='bbox 710 2670 864 2759; x_wconf 84' lang='lat' dir='ltr'>gavisus</span> <span class='ocrx_word' id='word_1_81' title='bbox 892 2689 989 2741; x_wconf 90' lang='lat' dir='ltr'>sum.</span> 
     </span>
    </p>

    <p class='ocr_par' dir='ltr' id='par_1_4' title="bbox 445 2816 1529 4530">
     <span class='ocr_line' id='line_1_15' title="bbox 505 2816 1527 2910; baseline 0.001 -23"><span class='ocrx_word' id='word_1_82' title='bbox 505 2816 588 2889; x_wconf 91' lang='lat' dir='ltr'>Hoc</span> <span class='ocrx_word' id='word_1_83' title='bbox 601 2817 715 2906; x_wconf 87' lang='lat' dir='ltr'>ig&#39;tur</span> <span class='ocrx_word' id='word_1_84' title='bbox 725 2818 864 2889; x_wconf 89' lang='lat' dir='ltr'>iterum</span> <span class='ocrx_word' id='word_1_85' title='bbox 878 2818 978 2890; x_wconf 92' lang='lat' dir='ltr'>dico:</span> <span class='ocrx_word' id='word_1_86' title='bbox 1003 2816 1133 2907; x_wconf 84' lang='lat' dir='ltr'>collegi</span> <span class='ocrx_word' id='word_1_87' title='bbox 1146 2817 1330 2888; x_wconf 89' lang='lat' dir='ltr'>vocabula</span> <span class='ocrx_word' id='word_1_88' title='bbox 1342 2817 1527 2910; x_wconf 87' lang='lat' dir='ltr'>Plautina,</span> 
     </span>
     <span class='ocr_line' id='line_1_16' title="bbox 455 2965 1529 3057; baseline 0.001 -21"><span class='ocrx_word' id='word_1_89' title='bbox 455 2984 550 3055; x_wconf 88' lang='lat' dir='ltr'>quae</span> <span class='ocrx_word' id='word_1_90' title='bbox 587 2965 769 3037; x_wconf 90' lang='lat' dir='ltr'>Hadriani</span> <span class='ocrx_word' id='word_1_91' title='bbox 808 2966 965 3037; x_wconf 91' lang='lat' dir='ltr'>demum</span> <span class='ocrx_word' id='word_1_92' title='bbox 999 2967 1122 3036; x_wconf 89' lang='lat' dir='ltr'>aetate</span> <span class='ocrx_word' id='word_1_93' title='bbox 1148 2965 1270 3036; x_wconf 89' lang='lat' dir='ltr'>denuo</span> <span class='ocrx_word' id='word_1_94' title='bbox 1297 2967 1529 3057; x_wconf 85' lang='lat' dir='ltr'>usurpantur</span> 
     </span>
     <span class='ocr_line' id='line_1_17' title="bbox 455 3113 1528 3205; baseline 0.002 -21"><span class='ocrx_word' id='word_1_95' title='bbox 455 3133 624 3205; x_wconf 91' lang='lat' dir='ltr'>quaeque</span> <span class='ocrx_word' id='word_1_96' title='bbox 666 3115 705 3185; x_wconf 92' lang='lat' dir='ltr'>in</span> <span class='ocrx_word' id='word_1_97' title='bbox 742 3113 880 3204; x_wconf 85' lang='lat' dir='ltr'>Apulei</span> <span class='ocrx_word' id='word_1_98' title='bbox 907 3113 1056 3204; x_wconf 83' lang='lat' dir='ltr'>scriptis</span> <span class='ocrx_word' id='word_1_99' title='bbox 1082 3113 1338 3184; x_wconf 89' lang='lat' dir='ltr'>inveniuntur.</span> <span class='ocrx_word' id='word_1_100' title='bbox 1385 3113 1528 3186; x_wconf 87' lang='lat' dir='ltr'>Deinde</span> 
     </span>
     <span class='ocr_line' id='line_1_18' title="bbox 454 3260 1527 3353; baseline 0.001 -20"><span class='ocrx_word' id='word_1_101' title='bbox 454 3261 582 3333; x_wconf 90' lang='lat' dir='ltr'>omnia</span> <span class='ocrx_word' id='word_1_102' title='bbox 620 3262 787 3333; x_wconf 89' lang='lat' dir='ltr'>studiose</span> <span class='ocrx_word' id='word_1_103' title='bbox 820 3262 1039 3352; x_wconf 87' lang='lat' dir='ltr'>persecutus</span> <span class='ocrx_word' id='word_1_104' title='bbox 1074 3275 1161 3331; x_wconf 89' lang='lat' dir='ltr'>sum</span> <span class='ocrx_word' id='word_1_105' title='bbox 1198 3260 1391 3353; x_wconf 81' lang='lat' dir='ltr'>vocabula,</span> <span class='ocrx_word' id='word_1_106' title='bbox 1432 3282 1527 3353; x_wconf 91' lang='lat' dir='ltr'>quae</span> 
     </span>
     <span class='ocr_line' id='line_1_19' title="bbox 454 3407 1524 3498; baseline 0.002 -20"><span class='ocrx_word' id='word_1_107' title='bbox 454 3408 606 3498; x_wconf 91' lang='lat' dir='ltr'>quidem</span> <span class='ocrx_word' id='word_1_108' title='bbox 639 3409 801 3498; x_wconf 84' lang='lat' dir='ltr'>Apuleio</span> <span class='ocrx_word' id='word_1_109' title='bbox 828 3427 915 3479; x_wconf 92' lang='lat' dir='ltr'>cum</span> <span class='ocrx_word' id='word_1_110' title='bbox 941 3407 1074 3478; x_wconf 90' lang='lat' dir='ltr'>Plauto</span> <span class='ocrx_word' id='word_1_111' title='bbox 1101 3407 1319 3479; x_wconf 90' lang='lat' dir='ltr'>communia</span> <span class='ocrx_word' id='word_1_112' title='bbox 1344 3412 1434 3480; x_wconf 87' lang='lat' dir='ltr'>sunt</span> <span class='ocrx_word' id='word_1_113' title='bbox 1460 3410 1524 3480; x_wconf 89' lang='lat' dir='ltr'>sed</span> 
     </span>
     <span class='ocr_line' id='line_1_20' title="bbox 453 3554 1526 3646; baseline 0.002 -20"><span class='ocrx_word' id='word_1_114' title='bbox 453 3557 491 3626; x_wconf 90' lang='lat' dir='ltr'>et</span> <span class='ocrx_word' id='word_1_115' title='bbox 521 3554 620 3646; x_wconf 93' lang='lat' dir='ltr'>apud</span> <span class='ocrx_word' id='word_1_116' title='bbox 647 3555 739 3626; x_wconf 89' lang='lat' dir='ltr'>alios</span> <span class='ocrx_word' id='word_1_117' title='bbox 765 3555 940 3645; x_wconf 88' lang='lat' dir='ltr'>antiquos</span> <span class='ocrx_word' id='word_1_118' title='bbox 966 3555 1177 3646; x_wconf 75' lang='lat' dir='ltr'>scriptores</span> <span class='ocrx_word' id='word_1_119' title='bbox 1199 3557 1335 3644; x_wconf 82' lang='lat' dir='ltr'>poetas</span> <span class='ocrx_word' id='word_1_120' title='bbox 1361 3557 1526 3629; x_wconf 90' lang='lat' dir='ltr'>comicos</span> 
     </span>
     <span class='ocr_line' id='line_1_21' title="bbox 452 3700 1523 3792; baseline 0.002 -20"><span class='ocrx_word' id='word_1_121' title='bbox 452 3702 621 3774; x_wconf 82' lang='lat' dir='ltr'>maxime</span> <span class='ocrx_word' id='word_1_122' title='bbox 635 3703 883 3792; x_wconf 90' lang='lat' dir='ltr'>reperiuntur.</span> <span class='ocrx_word' id='word_1_123' title='bbox 911 3701 1052 3790; x_wconf 76' lang='lat' dir='ltr'>Quibus</span> <span class='ocrx_word' id='word_1_124' title='bbox 1066 3721 1114 3772; x_wconf 81' lang='lat' dir='ltr'>ex</span> <span class='ocrx_word' id='word_1_125' title='bbox 1126 3700 1315 3774; x_wconf 89' lang='lat' dir='ltr'>thesauris</span> <span class='ocrx_word' id='word_1_126' title='bbox 1330 3703 1523 3775; x_wconf 91' lang='lat' dir='ltr'>vocabulo-</span> 
     </span>
     <span class='ocr_line' id='line_1_22' title="bbox 451 3849 1523 3941; baseline 0.001 -20"><span class='ocrx_word' id='word_1_127' title='bbox 451 3870 537 3921; x_wconf 93' lang='lat' dir='ltr'>rum</span> <span class='ocrx_word' id='word_1_128' title='bbox 577 3850 770 3940; x_wconf 89' lang='lat' dir='ltr'>apparebit</span> <span class='ocrx_word' id='word_1_129' title='bbox 808 3849 928 3919; x_wconf 90' lang='lat' dir='ltr'>multo</span> <span class='ocrx_word' id='word_1_130' title='bbox 963 3849 1072 3939; x_wconf 90' lang='lat' dir='ltr'>plura</span> <span class='ocrx_word' id='word_1_131' title='bbox 1097 3868 1189 3940; x_wconf 84' lang='lat' dir='ltr'>esse,</span> <span class='ocrx_word' id='word_1_132' title='bbox 1218 3869 1313 3940; x_wconf 92' lang='lat' dir='ltr'>quae</span> <span class='ocrx_word' id='word_1_133' title='bbox 1338 3849 1523 3941; x_wconf 82' lang='lat' dir='ltr'>Apuleius</span> 
     </span>
     <span class='ocr_line' id='line_1_23' title="bbox 450 3997 1522 4088; baseline 0 -18"><span class='ocrx_word' id='word_1_134' title='bbox 450 4018 538 4070; x_wconf 93' lang='lat' dir='ltr'>cum</span> <span class='ocrx_word' id='word_1_135' title='bbox 564 3998 740 4069; x_wconf 91' lang='lat' dir='ltr'>omnibus</span> <span class='ocrx_word' id='word_1_136' title='bbox 765 3998 898 4088; x_wconf 89' lang='lat' dir='ltr'>priscis</span> <span class='ocrx_word' id='word_1_137' title='bbox 923 3997 1169 4087; x_wconf 83' lang='lat' dir='ltr'>scriptoribus</span> <span class='ocrx_word' id='word_1_138' title='bbox 1195 4017 1309 4088; x_wconf 89' lang='lat' dir='ltr'>qnam</span> <span class='ocrx_word' id='word_1_139' title='bbox 1342 4017 1429 4069; x_wconf 93' lang='lat' dir='ltr'>cum</span> <span class='ocrx_word' id='word_1_140' title='bbox 1447 4018 1522 4070; x_wconf 91' lang='lat' dir='ltr'>uno</span> 
     </span>
     <span class='ocr_line' id='line_1_24' title="bbox 449 4144 1521 4236; baseline 0.001 -18"><span class='ocrx_word' id='word_1_141' title='bbox 449 4148 582 4219; x_wconf 80' lang='lat' dir='ltr'>Plauto</span> <span class='ocrx_word' id='word_1_142' title='bbox 609 4146 826 4218; x_wconf 89' lang='lat' dir='ltr'>communia</span> <span class='ocrx_word' id='word_1_143' title='bbox 851 4144 975 4236; x_wconf 84' lang='lat' dir='ltr'>habet,</span> <span class='ocrx_word' id='word_1_144' title='bbox 1003 4145 1231 4234; x_wconf 85' lang='lat' dir='ltr'>quodetiam</span> <span class='ocrx_word' id='word_1_145' title='bbox 1246 4147 1368 4218; x_wconf 88' lang='lat' dir='ltr'>multo</span> <span class='ocrx_word' id='word_1_146' title='bbox 1382 4148 1521 4219; x_wconf 83' lang='lat' dir='ltr'>certius</span> 
     </span>
     <span class='ocr_line' id='line_1_25' title="bbox 447 4292 1520 4386; baseline 0.002 -21"><span class='ocrx_word' id='word_1_147' title='bbox 447 4294 563 4366; x_wconf 86' lang='lat' dir='ltr'>statui</span> <span class='ocrx_word' id='word_1_148' title='bbox 589 4297 735 4384; x_wconf 81' lang='lat' dir='ltr'>posset,</span> <span class='ocrx_word' id='word_1_149' title='bbox 763 4293 794 4364; x_wconf 93' lang='lat' dir='ltr'>si</span> <span class='ocrx_word' id='word_1_150' title='bbox 821 4313 864 4364; x_wconf 89' lang='lat' dir='ltr'>ea</span> <span class='ocrx_word' id='word_1_151' title='bbox 890 4311 984 4382; x_wconf 91' lang='lat' dir='ltr'>quae</span> <span class='ocrx_word' id='word_1_152' title='bbox 1010 4292 1194 4382; x_wconf 79' lang='lat' dir='ltr'>Apuleius</span> <span class='ocrx_word' id='word_1_153' title='bbox 1221 4315 1269 4366; x_wconf 83' lang='lat' dir='ltr'>ex</span> <span class='ocrx_word' id='word_1_154' title='bbox 1294 4295 1376 4366; x_wconf 86' lang='lat' dir='ltr'>aliis</span> <span class='ocrx_word' id='word_1_155' title='bbox 1399 4295 1520 4386; x_wconf 78' lang='lat' dir='ltr'>poetis</span> 
     </span>
     <span class='ocr_line' id='line_1_26' title="bbox 445 4439 1173 4530; baseline 0 -18"><span class='ocrx_word' id='word_1_156' title='bbox 445 4440 603 4512; x_wconf 88' lang='lat' dir='ltr'>scenicis</span> <span class='ocrx_word' id='word_1_157' title='bbox 628 4439 774 4530; x_wconf 83' lang='lat' dir='ltr'>petivit,</span> <span class='ocrx_word' id='word_1_158' title='bbox 802 4439 1011 4529; x_wconf 90' lang='lat' dir='ltr'>conquisita</span> <span class='ocrx_word' id='word_1_159' title='bbox 1037 4444 1173 4512; x_wconf 91' lang='lat' dir='ltr'>essent.</span> 
     </span>
    </p>
   </div>
   <div class='ocr_carea' id='block_1_4' title="bbox 0 0 1800 5734">
    <p class='ocr_par' dir='ltr' id='par_1_5' title="bbox 0 0 1800 5734">
     <span class='ocr_line' id='line_1_27' title="bbox 0 0 1800 5734; baseline 0 3"><span class='ocrx_word' id='word_1_160' title='bbox 0 0 1800 5734; x_wconf 95' lang='lat' dir='ltr'> </span> 
     </span>
    </p>
   </div>
  </div>
 </body>
</html>
