3516 5730
719 752 782 817 123

215 988 367 1061 comitis
406 989 556 1080 saepius
594 992 806 1081 usurpatae,
846 989 892 1060 ab
918 989 1080 1081 Apuleio
1106 995 1287 1081 receptas.

215 1137 315 1208 Talis
340 1139 398 1208 est
423 1136 563 1208 locutio
590 1137 734 1208 oomioa
762 1156 901 1230 „apage
926 1137 1000 1210 te.''
1023 1138 1136 1229 Apul.
1156 1139 1244 1210 Met.
1260 1140 1288 1211 Ι.

218 1285 271 1356 17.
313 1284 344 1355 7.
384 1284 505 1356 Plaut.
546 1284 654 1356 Most.
694 1284 776 1376 436,
816 1284 916 1356 Trin.
954 1286 1035 1357 267.
1063 1286 1179 1373 (0061.
1206 1288 1287 1359 Ter.

215 1432 307 1503 Eun.
336 1431 432 1518 904.)

265 1579 382 1673 „Em”
430 1580 554 1671 (hem),
602 1600 676 1670 qua
717 1581 974 1670 interjectione
1013 1581 1080 1652 vix
1118 1582 1194 1653 ulla
1233 1584 1291 1654 est

214 1728 387 1799 usitatior
414 1728 578 1819 domicia,
606 1729 769 1799 ooourrit
783 1729 896 1819 Apul.
911 1729 1007 1821 apol.
1023 1730 1080 1800 25.
1097 1728 1139 1800 of.
1167 1729 1287 1801 Plaut.

150 1929 151 1934 ,
215 1876 289 1947 llil.
330 1875 421 1964 glor.
461 1875 544 1967 365,
585 1875 693 1947 Γ1160.
733 1875 815 1967 634,
856 1877 953 1947 inter
983 1877 1182 1948 innumera
1207 1876 1289 1969 alia,

215 2043 309 2114 quae
336 2042 558 2095 enumerare
576 2042 698 2113 neque
712 2023 803 2094 utile
816 2042 937 2112 neque
952 2024 1207 2095 necessarium
1221 2028 1289 2096 est.

262 2170 487 2242 Affirmandi
513 2189 626 2241 eausa
651 2170 837 2261 Apuleius
863 2170 949 2240 Met.
978 2169 1006 2241 I.
1031 2171 1064 2242 8.
1081 2172 1125 2241 21
1142 2172 1288 2243 scribit:

217 2318 300 2412 „pol
314 2317 467 2408 quidem
482 2320 524 2387 tu
538 2316 673 2406 dignus
685 2335 726 2388 es
737 2319 909 2388 extrema
925 2317 1145 2389 sustinere.”
1157 2317 1291 2390 Confer

215 2465 372 2537 eandem
398 2467 550 2536 anetam
577 2464 885 2555 cumulatamque
911 2465 1141 2536 locutionem
1167 2466 1289 2538 Plaut.

214 2612 356 2704 Amph.
371 2613 442 2684 282
455 2633 461 2683 ;
480 2612 612 2705 „oredo
627 2612 757 2703 edepol
771 2612 942 2702 equidem
959 2612 1122 2684 dormire
1135 2612 1290 2684 solem.''

263 2759 650 2832 commemorandum
681 2759 797 2830 etiarn
824 2762 882 2830 est
907 2759 999 2830 illud
1027 2758 1148 2851 „pax”
1177 2759 1289 2850 Apul.

215 2908 308 2999 apol.
349 2907 415 2977 65:
457 2927 565 3000 „pair²
596 2905 753 2996 inquit,’'
782 2924 944 2996 quonum
972 2904 1140 2977 conteras
1167 2905 1288 2978 Plaut.

60 3028 63 3034 ⁴
215 3057 289 3128 Mil.
317 3057 409 3146 glor.
436 3055 526 3127 808:
559 3075 665 3146 „pain
692 3054 787 3125 abi.’'

262 3205 461 3276 Postremo
511 3201 711 3274 locutionis
764 3201 940 3294 „porro‚'’
989 3201 1110 3292 qualis
1156 3203 1291 3292 legitur

215 3352 327 3444 Apul.
368 3351 455 3422 Met.
495 3349 600 3420 VIH.
642 3350 699 3421 29.
742 3349 805 3420 17:
848 3368 981 3442 „porro
1012 3348 1183 3440 Quirites
1210 3368 1290 3439 pro·

216 3500 377 3571 clamare
403 3496 575 3588 gestivi‚''
602 3495 750 3567 nullum
777 3494 877 3566 aliud
895 3495 1114 3586 exemplum
1129 3497 1291 3586 reperire

216 3646 321 3736 potui
359 3645 432 3716 nisi
469 3643 590 3715 Plaut.
631 3643 772 3734 Amph.
813 3644 895 3735 376,
936 3643 999 3714 ubi
1038 3642 1191 3716 Oolvius
1222 3665 1290 3735 pro

215 3794 369 3883 vulgata
398 3792 558 3864 lectione
587 3811 677 3884 „pro
701 3790 764 3861 fidi
791 3791 980 3862 Thebani'
1008 3791 1290 3864 rescribendum

217 3942 343 4011 censet
371 3957 503 4032 „porro
531 3938 696 4008 Thebani
724 3937 845 4023 (hodie
859 3937 933 4008 Leo
949 3937 1030 4008 dat:
1061 3917 1288 4030 „profidem

216 4087 382 4160 Thebani
408 4085 533 4157 oives''
561 4105 609 4157 ex
635 4085 897 4158 emendatione
923 4084 1059 4170 alulfi)

264 4234 459 4307 Permulta
484 4236 639 4324 restant,
668 4254 772 4324 quae,
800 4253 888 4304 oum
915 4234 953 4303 in
979 4233 1128 4303 diversa
1153 4251 1289 4320 genera

216 4384 342 4455 referri
379 4402 455 4453 non
494 4382 652 4472 possint,
694 4384 735 4450 ut
773 4380 867 4450 mihi
901 4379 1039 4469 legenti
1065 4379 1134 4450 sub
1160 4379 1289 4450 oculos

215 4532 402 4602 venerunt
439 4530 492 4600 ita
519 4529 834 4600 commemorabo.
