3590 5734
762 724 803 788 57

293 961 559 1053 praebentibus
586 961 653 1055 sed
675 961 897 1035 Plautinum
922 964 980 1035 est
1005 963 1166 1036 verbum
1193 963 1320 1036 laetifi-

295 1109 414 1181 candi.
440 1109 527 1181 Aul.
557 1109 638 1181 718.
664 1109 766 1182 Pers,
797 1110 878 1182 760.

246 1257 536 1330 osculabundus,
576 1257 778 1329 Suetonius
814 1257 962 1348 primus
997 1260 1155 1348 usurpat
1181 1256 1271 1344 (Vit.
1299 1259 1320 1328 2

294 1409 414 1496 extr),
446 1424 559 1478 nemo
589 1407 717 1477 autem
749 1404 935 1477 affirmare
956 1403 1092 1478 audeat
1113 1404 1321 1496 Apuleium

296 1553 523 1626 vocabulum
556 1553 643 1626 inde
668 1553 848 1645 petivisse
875 1553 962 1626 Met.
989 1552 1058 1624 XI.
1087 1553 1120 1624 6.
1147 1553 1181 1624 4.
1209 1517 1319 1644 21221.

295 1703 353 1774 94.
397 1701 583 1794 Apuleius
621 1701 736 1773 etiam
762 1700 877 1774 babet
902 1700 1207 1772 terminationem
1235 1701 1322 1773 aeti·

294 1869 384 1922 vam
410 1848 516 1921 verbi
542 1847 746 1937 „oseulari”
764 1849 850 1921 Met.
867 1847 952 1940 116,
968 1849 1002 1940 8,
1019 1867 1134 1939 quam
1147 1848 1321 1939 frequens

296 2017 385 2069 vero
423 1996 557 2068 Plauto
597 2015 690 2068 usus
724 1995 774 2067 sit
807 1996 913 2067 verbi
946 1995 1168 2086 deponentis
1196 2015 1323 2089 „oscu-

295 2143 385 2216 lari”
425 2144 546 2234 (ouJ‘us
583 2146 622 2215 et
654 2144 747 2216 haeo
772 2143 894 2217 forma
918 2145 1059 2216 usitata
1084 2148 1143 2217 est
1170 2163 1322 2238 „auscu-

294 2291 409 2385 lari’')‚
438 2292 521 2383 quis
547 2295 615 2383 est,
643 2293 734 2384 quin
760 2292 854 2365 sciat
879 2292 1000 2365 Plaut.
1017 2293 1124 2365 Asin.
1140 2293 1222 2385 892,
1239 2293 1321 2385 895,

295 2439 406 2511 uere.
433 2439 515 2532 575,
543 2439 619 2512 uu.
646 2439 736 2530 glor.
764 2440 846 2532 aas,
874 2441 956 2532 aao,
984 2440 1052 2512 lar
1081 2459 1112 2512 e.
1140 2461 1174 2532 q.
1201 2459 1230 2512 s.
1402 2421 1406 2427 “

247 2588 415 2680 opulens,
442 2607 538 2679 quae
551 2587 737 2660 vetustior
749 2586 871 2659 forma
882 2586 1057 2675 adjectivi
1074 2586 1322 2680 „opulentus”

295 2754 377 2810 esse
402 2735 563 2826 videtur,
591 2735 765 2807 dictionis
790 2733 1023 2825 Apuleianae
1049 2736 1117 2806 est.
1144 2734 1321 2806 Animad-

294 2861 482 2956 vertimus
520 2884 559 2955 rn
591 2884 722 2955 nostro
759 2882 847 2954 rra.
883 2881 989 2953 viu.
1020 2881 1075 2954 15.
1103 2882 1160 2973 25,
1188 2879 1236 2953 x.
1267 2882 1321 2953 ro.

296 3033 354 3104 29.
394 3032 427 3104 d.
458 3031 493 3104 d.
520 3031 621 3104 Soor.
649 3031 706 3102 22.
734 3029 944 3122 Sallustius
972 3028 1035 3120 qui
1061 3032 1100 3101 et
1125 3029 1205 3121 ipse
1230 3029 1322 3101 anti·

295 3181 471 3273 quiorum
509 3178 781 3251 vocabulorum
819 3180 878 3250 est
915 3176 1201 3248 amantissimus
1241 3176 1320 3267 lug.

295 3329 342 3401 85
358 3327 529 3419 praebet:
547 3325 801 3419 „opulenter”
819 3324 978 3397 Plautus
991 3327 1121 3396 autem
1136 3324 1211 3397 Mil.
1230 3324 1320 3396 1171

295 3495 389 3548 vooe
403 3437 691 3569 ',‚opulentitas'’
719 3477 777 3546 est
803 3493 895 3546 usus
920 3473 1030 3565 (quae
1056 3474 1089 3546 ei
1108 3472 1323 3546 communis

296 3628 354 3697 est
380 3644 469 3696 oum
495 3588 657 3697 Caecilio
679 3622 824 3694 oomioo
854 3621 945 3707 106).

248 3772 467 3864 peculiatus.
495 3770 739 3861 Adjeotivum
753 3769 938 3861 seriptum
955 3768 1092 3858 legitur
1105 3766 1218 3857 Apul.
1236 3765 1323 3838 Met.

293 3921 340 3992 X.
384 3920 438 3991 17.
483 3919 538 3990 18.
573 3917 792 3989 Plautinum
819 3918 878 3988 est
902 3915 1063 3988 verbum
1092 3913 1323 4008 „peculiare”

294 4068 396 4140 Pers
427 4067 506 4138 192.

247 4216 432 4307 pertinax.
459 4211 645 4304 Apuleius
670 4210 822 4301 proprio
849 4228 962 4282 sensu
988 4207 1096 4300 ponit
1121 4207 1155 4278 d.
1172 4207 1206 4278 d.
1222 4207 1324 4279 Soor.

295 4362 388 4456 prol.
415 4382 451 4453 p.
479 4361 512 4432 3.
537 4359 602 4430 21;
632 4358 731 4452 „ales
745 4356 934 4447 unguibus
948 4355 1157 4448 pertinax‚'’
1174 4356 1274 4446 quod
1288 4357 1326 4427 et

294 4510 452 4582 Plautus
491 4507 589 4580 facit.
626 4506 900 4596 Comparemus
926 4503 1053 4575 locum
1080 4521 1128 4574 ex
1153 4501 1324 4593 Captivis
