3590 5734
746 739 786 804 77

227 999 322 1070 quae
361 981 571 1070 composita
609 980 708 1070 sunt,
749 975 907 1048 eandem
945 975 1114 1048 Ablativi
1139 975 1301 1047 formam

227 1128 437 1218 usurpavit,
465 1126 564 1218 quod
589 1127 680 1216 quin
706 1145 754 1197 ex
779 1123 990 1195 imitatione
1017 1122 1142 1194 Plauti
1163 1121 1301 1213 fecerit,

227 1295 340 1348 nemo
382 1276 553 1347 dubitare
591 1274 740 1365 poterit,
785 1271 849 1362 qui
886 1270 1163 1361 comparaverit
1201 1270 1303 1341 locos

195 1471 198 1474 -
227 1424 340 1516 Apul.
368 1423 464 1514 apol.
494 1424 533 1493 7:
561 1422 601 1508 (F
628 1451 649 1498 φ
676 1420 729 1492 V:
757 1420 969 1510 quicquam,
993 1418 1147 1492 Oolvius
1160 1418 1303 1509 optime

228 1571 388 1662 conjecit
399 1566 637 1664 „quiquam)''
653 1570 691 1638 et
704 1567 824 1639 Plaut.
840 1566 955 1638 such.
971 1566 1041 1637 627
1052 1564 1303 1656 (quicumvis.)

229 1719 263 1790 A
303 1718 448 1807 legibus
487 1715 663 1788 classicae
701 1714 849 1803 linguae
888 1712 1093 1784 abhorrens
1127 1714 1186 1785 est
1210 1729 1303 1783 usus

228 1865 464 1957 pronominis
492 1862 694 1958 „quisque”
721 1861 852 1933 eodem
880 1879 994 1932 sensu
1022 1879 1095 1951 quo
1117 1858 1304 1950 „quicum-

230 2013 324 2104 que”
349 2011 410 2084 vel
433 2009 659 2104 „quisquis”
674 2008 787 2100 Apul.
802 2009 890 2081 Met.
906 2008 992 2080 Vll.
1008 2010 1041 2080 9.
1058 2009 1122 2080 27;
1143 2008 1305 2102 „quique

230 2180 363 2232 eorum
389 2163 490 2231 recte
515 2156 702 2249 sapiunt.’'
729 2163 776 2244 (v.
804 2158 838 2228 d.
854 2157 956 2229 Vliet
972 2176 1060 2228 cum
1078 2156 1304 2228 Bluemnero

229 2307 369 2397 scribit,
413 2305 498 2400 „qui
536 2304 724 2397 quidem',
764 2305 829 2376 sed
868 2303 1040 2376 codicum
1073 2303 1184 2375 lectio
1209 2301 1305 2374 mihi

57 2428 60 2436 ¹
127 2519 128 2523 .
231 2452 417 2525 servanda
454 2451 626 2538 videtur).
666 2451 769 2524 Ocni.
809 2451 931 2523 Plaut.
964 2449 1069 2542 capr.
1098 2451 1179 2542 798,
1207 2449 1304 2546 Men.

231 2601 313 2693 571,
342 2601 423 2692 717,
451 2600 526 2672 Mil.
554 2599 644 2689 glor.
675 2599 755 2692 156,
786 2600 865 2693 160,
893 2599 976 2670 460.

278 2746 529 2818 Pervenimus
574 2745 621 2818 ad
659 2747 863 2818 verborum
902 2745 1043 2817 formas
1080 2744 1127 2816 ab
1162 2744 1308 2835 optima

130 2954 133 2959 .
230 2893 433 2966 Latinitate
458 2896 635 2965 remotas
662 2894 814 2965 Monere
840 2893 932 2965 satis
958 2895 1017 2965 est
1031 2911 1210 2984 magnam
1225 2911 1307 2964 esse

166 3016 168 3020 ⁵
231 3042 433 3113 verborum
460 3041 619 3132 copiam,
647 3059 809 3132 quorum
835 3040 956 3112 forma
981 3039 1105 3111 activa
1118 3059 1186 3130 pro
1200 3038 1307 3130 depo-

170 3211 174 3216 ’
230 3190 346 3281 nenti,
373 3189 495 3261 forma
520 3189 712 3280 deponens
740 3209 808 3280 pro
834 3189 960 3260 activa
984 3189 1108 3280 posita
1133 3190 1201 3261 est.
1253 3187 1308 3258 Ea

231 3336 332 3408 enirn
359 3336 668 3408 enumeravimus
694 3336 733 3406 in
758 3335 897 3407 tabulis
923 3335 1057 3426 capitis
1083 3335 1207 3427 primi.

282 3483 511 3576 „Quassare”
546 3485 584 3553 et
610 3481 767 3553 Plautus
795 3484 832 3552 et
858 3480 1042 3572 Apuleius
1068 3480 1308 3554 intransitive

231 3649 415 3721 usurpare
448 3629 580 3701 solent.
633 3628 746 3721 Apul.
782 3629 869 3701 Met.
905 3629 1059 3701 111126.
1092 3630 1125 3722 6,
1154 3630 1306 3703 ivae.

233 3775 424 3867 217111.
455 3776 510 3866 19.
541 3775 571 3846 1.
623 3774 743 3846 Plaut.
776 3774 884 3848 Asin.
913 3777 994 3868 403,
1022 3777 1196 3848 Bacchid.
1224 3778 1307 3850 305.

279 3924 419 3996 Forma
444 3923 596 4014 passiva
621 3942 689 4014 pro
716 3923 840 3994 activa
865 3924 985 3995 utitur
1008 3924 1194 4016 Apuleius
1219 3926 1307 3998 Met.

233 4069 298 4163 IV,
343 4070 373 4162 1,
409 4072 449 4141 2:
492 4089 602 4163 „cum
637 4071 715 4160 jam
756 4070 951 4160 flagrantia
986 4070 1076 4143 solis
1103 4071 1308 4144 caleretur’'

233 4215 391 4288 Plautus
416 4217 469 4288 ita
495 4216 626 4288 scribit
651 4219 747 4307 capt.
775 4217 840 4288 80:
870 4235 981 4310 „cum
996 4218 1148 4312 caletur,
1164 4220 1310 4292 cocleae

234 4362 445 4434 inocculto
470 4362 623 4435 latent.”
650 4363 758 4434 Truc.
787 4363 844 4435 66.
939 4415 946 4424 .

282 4509 441 4582 Diversa
486 4531 508 4582 a
547 4511 657 4583 solita
689 4511 876 4582 bonorum
912 4512 1140 4603 scriptorum
1167 4513 1312 4586 ratione
