3516 5730
773 1532 936 1606 CAPUT
967 1533 1208 1624 QUINTUM.

538 1773 580 1828 De
601 1773 694 1828 Piauii
714 1775 873 1829 vocabuiis
891 1778 920 1828 ei
938 1773 1093 1829 sententiis
1115 1773 1142 1827 in
1163 1772 1288 1838 Apuleio
1309 1771 1442 1838 repertis.

902 2019 1061 2030 ,-.---

504 2274 618 2366 Opus²
658 2275 696 2346 in
736 2297 809 2367 quo
836 2276 1000 2366 plurima
1031 2276 1132 2347 dicta
1156 2275 1405 2366 reperiuntur,
1434 2293 1529 2364 quae

453 2421 637 2512 Apuieius
667 2444 688 2494 a
713 2423 847 2495 Plauto
873 2426 1072 2495 mutuatus
1097 2426 1165 2515 est,
1201 2422 1527 2512 Metamorphoses

456 2569 576 2641 dicere
602 2589 677 2641 non
704 2571 844 2662 dubito,
872 2570 971 2660 quod
996 2589 1109 2641 nemo
1136 2569 1344 2660 mirabitur,
1372 2569 1436 2659 qui
1459 2568 1530 2640 hoc

456 2718 604 2809 cogitet,
640 2719 786 2808 quoties
820 2718 922 2789 aurei
948 2717 1048 2788 illius
1074 2718 1169 2788 asini
1195 2720 1466 2806 argumentum
1492 2720 1529 2788 et

456 2869 667 2937 ceterorum
706 2867 937 2938 comicorum
975 2869 1013 2936 et
1050 2864 1174 2936 Plauti
1212 2864 1356 2936 fabulas
1394 2865 1466 2937 sibi
1492 2865 1530 2936 in

456 3013 682 3083 memoriam
720 3013 911 3083 reduxerit
961 3012 1013 3082 ita
1051 3014 1094 3081 ut
1131 3012 1271 3083 bonam
1305 3013 1532 3084 narrationis

455 3163 603 3250 partem
629 3179 768 3250 paucas
793 3160 832 3230 in
858 3179 989 3231 scenas
1016 3159 1142 3250 dividi,
1170 3179 1352 3249 personas
1374 3160 1529 3233 histrico

455 3305 558 3377 cultu
598 3307 721 3377 ornari
758 3309 910 3377 tantum
949 3308 1130 3396 oporteat,
1166 3309 1209 3376 ut
1243 3307 1345 3377 haud
1379 3306 1531 3398 illepida

454 3453 573 3523 immo
599 3452 831 3542 lepidissima
864 3452 1060 3542 cujusdam
1087 3454 1221 3523 comici
1247 3456 1380 3544 poetae
1406 3453 1531 3525 fabula

454 3599 582 3670 haberi
607 3600 737 3690 possit.

504 3745 634 3835 Neque
660 3746 787 3816 minus
813 3745 1055 3835 perspicuum
1082 3747 1140 3815 est
1152 3744 1234 3832 hoc,
1251 3745 1351 3835 quod
1365 3745 1530 3834 plurima

454 3892 563 3983 dicta,
603 3912 697 3982 quae
728 3911 797 3963 nos
822 3891 869 3962 ad
896 3891 1034 3962 veteris
1060 3891 1275 3962 comoediae
1301 3892 1529 3963 memoriam

454 4041 629 4130 excitent,
657 4039 696 4109 in
723 4038 1077 4128 Metamorphoseon
1103 4038 1249 4127 dialogo
1275 4039 1526 4128 reperiuntur.

452 4187 550 4257 Eum
588 4188 689 4256 enim
727 4205 941 4255 sermonem
979 4183 1176 4255 conterunt
1214 4185 1313 4256 iuter
1355 4205 1395 4256 se
1434 4186 1527 4274 eius-

451 4334 537 4405 dem
576 4332 801 4404 conditionis
847 4332 1030 4422 hominen,
1085 4351 1180 4420 quos
1218 4334 1257 4403 et
1294 4331 1455 4404 Plautus
1494 4333 1531 4402 in

448 4481 584 4552 fabulis
611 4479 784 4550 iuducere
810 4479 915 4549 solet.
945 4479 1029 4549 Non
1056 4480 1198 4550 mirum
1220 4480 1345 4572 igitur,
1370 4481 1403 4552 si
1427 4480 1527 4572 Apu·
