3516 5730
771 682 813 744 83

251 917 321 990 soli
355 918 408 988 ait
432 938 558 990 rerum
590 918 762 991 omnium
789 919 973 990 confidere
998 939 1080 992 sese
1105 924 1143 992 et
1169 922 1327 994 eredere.

252 1066 374 1138 Plaut.
402 1066 544 1157 Amph.
572 1067 653 1158 672,
681 1066 788 1137 Asin.
804 1066 887 1158 459,
914 1067 1089 1139 Baoohid.
1105 1069 1187 1160 504,
1214 1069 1327 1141 Poen.

143 1270 146 1276 .
254 1215 337 1308 337,
365 1215 473 1287 Truo.
501 1215 582 1286 306.

245 1351 246 1354 ’
301 1359 438 1432 Verbis
470 1361 597 1452 eopiae
625 1364 662 1433 et
687 1361 835 1451 inopiae
861 1380 943 1432 rare
968 1363 1235 1434 tantummodo
1262 1363 1328 1435 Ge·

253 1509 407 1581 netivus
429 1510 610 1599 J'ungitur.
638 1508 818 1580 Alienum
840 1511 968 1579 autem
983 1509 1028 1580 ab
1042 1509 1202 1581 aliorum
1218 1510 1328 1601 serip-

251 1660 381 1729 torum
406 1657 534 1746 lingua
559 1659 617 1727 est
638 1656 797 1727 verbum
812 1655 1024 1746 complendi
1038 1675 1125 1728 oum
1140 1656 1328 1729 Genitivo.

253 1804 366 1896 Apul.
403 1805 489 1877 Met.
526 1803 593 1875 ΠΙ.
626 1807 658 1874 2.
702 1803 740 1874 1:
779 1803 1085 1896 „magistratibus
1123 1823 1329 1894 eorumque

253 1953 439 2024 ministris
465 1956 503 2024 et
527 1952 660 2023 turbae
686 1952 946 2023 miscellaneae
968 1952 1327 2043 ounotaoompleta''

253 2100 387 2185 (mirus
412 2102 470 2170 est
494 2099 556 2170 hio
578 2118 670 2170 usus
692 2099 943 2189 conjungendi
966 2100 1125 2171 verbum
1139 2100 1328 2191 complere

254 2266 329 2318 uno
354 2245 436 2317 loeo
463 2265 550 2317 oum
576 2244 755 2316 Ablativo
782 2248 820 2316 et
845 2264 932 2316 oum
959 2245 1164 2332 Genetivo).
1204 2246 1326 2335 Plaut
1360 2296 1364 2302 .
1404 2305 1408 2312 .

253 2393 395 2484 Amph.
423 2393 512 2464 470:
543 2393 701 2486 „erroris
727 2393 839 2464 ambo
865 2413 933 2484 ego
960 2392 1043 2464 illos
1065 2393 1327 2466 etdementiae
1472 2403 1474 2408 “

251 2537 483 2631 eompleb0.’'
511 2539 608 2610 Men.
636 2540 726 2611 901:
757 2541 977 2632 „parasitus
1006 2541 1068 2630 qui
1092 2559 1153 2611 me
1167 2540 1325 2631 eomple-

254 2688 309 2758 vit
334 2688 450 2778 flagiti
477 2691 514 2759 et
540 2687 786 2759 formidinis.''
896 2714 898 2718 ·

273 2895 274 2900 ,
301 2835 471 2907 Verbum
501 2835 616 2928 „satis
642 2832 774 2925 agere’
791 2855 873 2905 rem
886 2834 1000 2906 habet
1014 2835 1052 2905 in
1067 2834 1250 2906 Genetivo
1265 2853 1326 2925 po-

252 2982 366 3054 sitam
392 2983 479 3054 Met.
507 2982 611 3054 Vlll.
642 2983 697 3053 17.
715 2982 777 3053 13:
808 2983 923 3075 „satis
937 2985 1091 3072 agentes
1104 3001 1232 3052 rerum
1247 3000 1327 3053 sua-

252 3131 374 3222 rum’',
414 3132 468 3202 sio
493 3133 531 3201 et
556 3129 713 3201 Plautus
742 3132 824 3222 „sat
848 3127 1012 3219 agitare’'
1039 3130 1213 3202 Baoohid.
1242 3130 1324 3200 637.

251 3280 362 3351 Mero.
391 3279 472 3349 228.

302 3425 487 3516 Genetri,
515 3426 579 3515 qui
592 3424 743 3496 looativi
758 3425 876 3516 partis
889 3427 1015 3516 agunt,
1043 3424 1214 3496 nonnulli
1227 3425 1326 3516 apud
1380 3456 1385 3479 ·

251 3571 457 3661 Apuleium
483 3573 645 3662 exstant,
674 3570 803 3660 quales
829 3574 867 3642 et
893 3571 933 3643 in
947 3570 1080 3643 Plauto
1094 3591 1235 3661 paucos
1248 3590 1325 3661 rep-

252 3719 430 3809 perimus.
467 3718 512 3788 ln
545 3718 707 3808 Apuleio
733 3719 953 3790 notavimus
978 3720 1067 3790 hos:
1094 3718 1208 3809 Apul.
1236 3719 1323 3790 Met.

252 3866 319 3938 lll.
348 3867 381 3937 2.
409 3866 474 3936 27:
505 3865 672 3957 „mediae
696 3864 908 3936 orchestrae
921 3865 1085 3936 sistunt’‘
1100 3864 1167 3937 ΠΙ.
1187 3865 1241 3936 16.
1261 3866 1323 3936 11;

254 4013 485 4107 „tonstrinae
506 4011 757 4083 residentem’
783 4011 849 4083 IX.
867 4013 923 4082 33.
943 4011 1005 4082 12:
1036 4013 1181 4105 „nudae
1195 3993 1325 4104 spinae

251 4178 358 4231 meae
404 4158 604 4229 r·esidens.”
656 4159 814 4230 Plautus
853 4160 982 4230 scribit
1020 4160 1193 4231 Baoobid.
1233 4160 1323 4231 205:

253 4305 472 4398 „proximae
497 4305 657 4375 vieiniae
682 4302 862 4376 habitat.”

297 4450 521 4522 Looativum
558 4449 719 4543 „animi”
757 4451 880 4522 verbis
905 4449 1110 4522 affeetuum
1136 4452 1321 4541 junctum,
