3590 5734
594 1493 758 1567 CAPUT
784 1493 994 1567 PRIMUM.

256 1737 410 1792 vocabula
435 1751 513 1804 quaa
533 1741 563 1792 el
582 1735 663 1803 apud
685 1735 842 1812 Apuleium
864 1739 894 1790 al
912 1735 993 1802 apud
1017 1736 1153 1791 Plautum
1175 1740 1332 1791 occurrunt

517 1874 587 1914 cum
606 1859 785 1914 formatum
808 1857 929 1912 notione
949 1857 1069 1913 similia.

305 2264 466 2337 Necesse
491 2267 549 2336 est
574 2265 770 2354 diligenter
795 2263 1015 2354 colligamus
1041 2267 1079 2335 et
1099 2265 1139 2334 in
1158 2267 1259 2336 certa
1272 2285 1328 2355 ge·

256 2432 346 2484 nera
379 2413 594 2484 dividamus
635 2413 763 2484 omnia
788 2412 980 2504 vocabula,
1009 2413 1168 2503 quaein
1194 2411 1332 2503 Apulei

256 2559 406 2650 scriptis
440 2561 652 2651 occurrunt,
688 2578 783 2649 quae
817 2558 969 2649 quidem
1003 2562 1090 2630 ante
1120 2559 1229 2630 illurn
1255 2580 1331 2632 non

255 2707 494 2797 reperiuntur
520 2707 592 2777 nisi
617 2707 657 2777 in
682 2706 806 2778 Plauti
831 2706 975 2777 fabulis.

305 2853 343 2926 Si
378 2853 459 2926 dico
496 2857 606 2947 „ante
640 2873 729 2926 eum
764 2873 841 2926 non
875 2855 1148 2946 reperiuntur”,
1184 2874 1260 2927 non
1294 2856 1331 2927 id

256 3001 338 3073 dico
372 3021 416 3072 ea
448 3002 631 3072 vocabula
664 3020 741 3072 non
775 3000 846 3090 legi
880 3002 980 3092 apud
1014 3002 1107 3073 alios
1140 3004 1230 3095 ejuS,
1259 3023 1333 3094 qua

256 3149 441 3241 Apuleius
475 3149 555 3238 ipse
591 3149 744 3220 vivebat
781 3149 981 3239 paulleque
1007 3150 1210 3239 superioris
1236 3152 1331 3222 aeta-

254 3297 305 3368 tis
343 3297 555 3386 scriptores,
608 3297 651 3367 ld
684 3298 814 3368 tamen
849 3296 1006 3388 negligo,
1035 3316 1123 3368 cum
1149 3298 1329 3390 quaestio,
1448 3285 1461 3342 s

257 3463 372 3534 quarn
414 3443 508 3514 mihi
546 3443 726 3534 proposui
764 3443 809 3514 de
848 3443 1018 3531 analogia
1064 3443 1209 3514 dicendi
1247 3445 1332 3516 scri·

255 3592 452 3683 bendique‚
480 3611 575 3683 quae
600 3592 698 3662 inter
724 3590 928 3681 Apuleium
951 3593 989 3662 et
1002 3591 1179 3662 Plautum
1195 3594 1332 3684 exstat,

256 3744 294 3812 et
327 3740 372 3811 de
406 3739 489 3811 aliis
515 3742 602 3830 pest
633 3738 815 3810 Hadriani
841 3741 1014 3829 tempera
1039 3739 1254 3811 auctoribus
1280 3741 1331 3812 in-

255 3891 363 3962 stitui
389 3890 520 3981 possit.

304 4037 519 4109 Hadrianus
554 4036 657 4106 enim
696 4055 765 4106 sua
802 4034 1025 4107 auctoritate
1065 4036 1248 4128 effecerat,
1288 4041 1331 4110 ut
1440 4107 1442 4111 .

255 4188 335 4259 erat
372 4185 547 4275 antiquae
581 4183 729 4272 linguae
764 4182 1061 4274 amantissimus,
1111 4187 1153 4254 ut
1187 4185 1331 4274 priscae

254 4333 402 4404 litterae
439 4333 725 4402 renascerentur
763 4330 872 4421 iique,
914 4331 977 4420 qui
1015 4331 1048 4401 ei
1082 4331 1122 4401 in
1157 4333 1331 4404 adminis-

255 4478 390 4551 tranda
414 4477 605 4569 republica
630 4476 794 4568 preximi
821 4480 938 4568 erant,
966 4478 1109 4568 coeptis
1134 4482 1172 4550 et
1191 4482 1331 4571 optatis
