3516 5730
451 959 636 1049 reperitur
660 959 781 1033 Plaut.
804 960 938 1032 Pseud.
963 962 1028 1034 56:
1058 981 1300 1055 „expressam
1327 964 1366 1034 in
1380 982 1526 1036 oeraex

451 1105 564 1178 anulo
591 1125 700 1178 suam
727 1105 966 1198 imaginem.'’
994 1107 1109 1180 Stioh.
1138 1111 1228 1180 242;
1259 1111 1526 1203 ,11111οΜ11110-

450 1256 583 1344 trogus
608 1255 763 1326 nornine
789 1274 809 1326 e
834 1274 924 1326 vero
951 1253 1100 1327 vooor.''

501 1401 624 1474 Usum
650 1402 939 1492 praepositionis
965 1398 1090 1494 ubsque
1114 1403 1299 1494 ApuleJus
1324 1403 1463 1493 petivit
1489 1407 1527 1475 et

451 1548 609 1621 fortasse
636 1569 684 1620 ex
709 1549 791 1620 aliis
814 1550 928 1641 prisci
950 1551 1033 1622 aevi
1047 1551 1294 1641 scriptoribus
1307 1554 1346 1622 et
1359 1552 1527 1624 maxime

452 1717 500 1768 ex
525 1697 670 1769 Plauto.
697 1697 882 1789 Apulejus
907 1698 1000 1769 haee
1025 1697 1151 1770 offert:
1179 1697 1266 1769 Met.
1294 1697 1362 1768 IX.
1386 1699 1443 1768 25.
1463 1698 1525 1769 10:

454 1846 616 1939 „absque
653 1865 755 1917 noxa
790 1846 933 1917 nostri'’
974 1846 1050 1932 (ubi
1085 1841 1209 1939 ubsque
1234 1845 1345 1935 plane
1370 1864 1526 1916 sensum

452 1995 740 2086 praepositionis
772 1993 848 2064 sine
880 1994 1024 2084 recipit)
1059 1997 1096 2064 et
1122 1993 1231 2085 Apol.
1260 1994 1325 2064 55:
1364 1994 1527 2086 „absque

451 2142 628 2214 omnibus
661 2141 849 2233 profanis’
886 2141 998 2231 (quod
1033 2141 1217 2230 signifieat
1243 2141 1420 2213 omnibus
1446 2161 1526 2233 pro-

451 2291 547 2363 fanis
570 2290 739 2376 remotis)
765 2289 877 2380 Apul.
902 2289 935 2360 d.
963 2289 996 2360 d.
1021 2287 1115 2360 Plat.
1143 2290 1176 2359 2.
1204 2289 1270 2359 23;
1309 2308 1420 2381 „oum
1448 2289 1526 2361 abs-

452 2458 524 2529 que
549 2437 620 2509 hao
645 2438 778 2523 (virtut
801 2441 858 2522 )..
876 2493 907 2508 ..
934 2455 1011 2508 uon
1024 2435 1145 2526 possit
1158 2434 1315 2507 felicitas
1329 2437 1524 2508 inveniri.’'

451 2583 610 2655 Plautus
659 2583 719 2655 his
768 2584 843 2656 fero
894 2583 1004 2655 locis:
1052 2583 1187 2674 (utitur
1225 2583 1409 2674 particula
1454 2581 1527 2653 obs-

452 2754 515 2825 que
552 2751 701 2821 semper
738 2731 808 2802 hae
847 2729 1135 2820 significatione:
1180 2730 1211 2801 si
1247 2729 1336 2821 quid
1372 2750 1446 2802 non
1475 2751 1527 2804 es-

453 2882 521 2970 set,
548 2877 691 2963 fuisset)
725 2877 898 2949 Baoohid.
926 2876 1008 2967 412,
1048 2875 1153 2967 Capi.
1185 2877 1265 2968 754,
1295 2878 1391 2949 Men.
1422 2879 1526 2970 1022,

452 3027 554 3099 Pers.
595 3028 666 3099 836
701 3045 767 3117 sq„
803 3025 904 3096 Trin.
939 3025 1021 3097 832.
1052 3025 1156 3096 1127.
1184 3024 1299 3110 (Cous.
1327 3026 1407 3097 Ter.
1435 3027 1526 3099 Heo.

453 3175 535 3268 601,
562 3174 714 3246 Phorm.
745 3174 838 3259 188.)

501 3323 546 3395 111
580 3320 930 3414 praepositionibus,
969 3339 1063 3409 quae
1089 3320 1350 3391 accusativum
1378 3325 1524 3413 regunt,

453 3471 634 3544 nonnulla
659 3472 750 3541 sunt
774 3469 896 3559 digna,
925 3486 1020 3558 quae
1044 3469 1234 3538 notentur.

502 3616 733 3707 Praepositio
778 3611 825 3683 ud
869 3616 1084 3704 usurpatur,
1130 3617 1173 3684 ut
1208 3614 1344 3685 modus
1379 3615 1525 3686 ratiove

452 3764 692 3854 significatur.
744 3763 803 3834 Ita
836 3761 1021 3852 Apuleius
1057 3761 1147 3833 dioit
1181 3763 1267 3833 Met.
1304 3761 1456 3833 11].26.
1486 3763 1506 3833 7
1518 3784 1525 3834 ;

455 3915 642 4008 „impetus
668 3913 714 3984 ad
740 3911 826 3983 belli
851 3911 985 3983 faeiem
1011 3911 1218 3982 saeviens.''
1250 3911 1333 4003 „Ad
1355 3910 1525 4004 faciem‚''

453 4065 638 4154 quantum
664 4061 741 4132 seio
768 4060 807 4129 in
833 4058 968 4130 litteris
999 4058 1142 4129 Latinis
1168 4077 1244 4130 non
1270 4059 1433 4130 ooourrit
1454 4060 1528 4132 nisi

451 4212 490 4282 in
515 4210 648 4282 Plauto
674 4208 785 4279 Mero.
813 4206 902 4276 427:
932 4205 1321 4297 „senexestquidarn
1346 4204 1527 4294 quiillam

450 4357 647 4430 mandavit
682 4355 775 4426 mihi
811 4355 854 4425 ut
889 4371 1052 4424 emerem
1089 4355 1178 4438 [aut]
1209 4350 1309 4442 (Leo)
1336 4351 1383 4422 ad
1408 4351 1528 4423 istanc

449 4503 617 4579 faeiem.'’
