3516 5730
923 671 985 734 136

906 881 998 946 XIII.

454 1047 540 1115 Apul.
560 1045 633 1114 apol.
652 1047 678 1100 9.
698 1044 788 1113 (Kr.):

454 1166 537 1238 ,quis
555 1180 696 1234 umquam
715 1164 802 1221 fando
822 1164 935 1220 audivit
953 1166 1016 1220 tam
1035 1163 1160 1219 similem
1181 1163 1402 1232 suspitionem.

453 1287 622 1355 Legendum
645 1300 697 1354 pro
717 1285 876 1357 ,similem”
896 1284 1078 1356 ,subtilem’‘.

909 1480 1003 1546 XIV.

452 1642 539 1711 Apul.
557 1643 632 1710 apol.
650 1644 700 1698 22:

451 1763 513 1831 ipse
525 1804 602 1819 .....
622 1763 765 1820 Hercules
776 1804 852 1819 .....
872 1778 967 1832 neque
987 1779 1047 1819 una
1065 1764 1139 1832 pelle
1158 1763 1293 1819 vestitior
1311 1761 1375 1831 fuit,
1395 1777 1492 1831 neque

416 1900 476 1940 uno
494 1885 596 1941 baouio
615 1885 788 1941 comitatior.

452 2007 547 2062 Verba
574 2009 719 2077 corrupta,
744 2007 801 2062 nisi
825 2008 925 2062 mutes
947 2020 1166 2078 ,nequequam
1187 2021 1245 2060 uua
1264 2005 1337 2074 pelle
1357 2005 1493 2061 vestItior

415 2126 472 2183 fuit
491 2143 694 2197 nequequam
714 2143 772 2184 uno
791 2128 893 2184 baoulo
912 2127 1102 2184 comitatior.”

917 2322 995 2388 XV.

452 2486 539 2555 Apul.
558 2486 633 2556 apol.
653 2488 696 2542 54.
715 2487 733 2542 i.
752 2485 766 2541 f
775 2502 781 2541 :

451 2608 624 2675 praesertim
654 2609 730 2676 quod
759 2607 909 2663 eonditum
937 2622 1071 2678 cumque,
1097 2609 1174 2676 quod
1200 2606 1396 2676 obsignatum,
1415 2609 1494 2675 quod

414 2728 562 2783 inclusum
590 2728 668 2783 domi
695 2728 877 2798 adservatur,
901 2728 929 2782 id
957 2742 1044 2783 omne
1064 2728 1166 2784 eodem
1186 2729 1361 2798 argumento
1380 2727 1492 2797 magico

415 2849 536 2905 dicetur.

449 2971 547 3025 insere
566 2970 634 3038 post
653 2967 873 3040 ,praesertim”:
894 2967 961 3039 ,ei''.

907 3139 1001 3204 XVI.

451 3304 537 3373 Apul.
556 3303 647 3359 florid.
667 3304 709 3358 17.
729 3317 792 3370 pag.
811 3302 856 3356 26,
876 3302 918 3356 10.
939 3301 1012 3370 (kri:

450 3428 581 3482 ceterum
610 3439 669 3480 vox
698 3423 824 3479 cohibita
852 3423 968 3478 silentio
997 3423 1109 3492 perpeti
1136 3438 1197 3478 non
1223 3423 1317 3493 magis
1342 3425 1410 3480 usui
1436 3426 1493 3484 erit

415 3561 503 3616 quam
533 3560 619 3601 nares
646 3544 803 3613 gravedine
832 3543 974 3614 oppletae,
1001 3557 1088 3599 aures
1113 3543 1218 3613 spiritu
1238 3544 1396 3616 obseratae,
1416 3547 1492 3602 oouli

414 3667 549 3736 albugine
569 3666 693 3723 obducti.

449 3790 542 3858 Lege:
562 3804 665 3859 ,aures
685 3787 824 3857 spurcitie
843 3785 1021 3842 obseratae”.

898 3960 1007 4024 XVII.

448 4123 535 4192 Apul.
555 4122 581 4177 d.
600 4123 628 4176 d.
648 4121 725 4177 Socr.
744 4123 760 4176 2
780 4119 890 4187 (Goldb.
909 4136 973 4189 pag.
992 4121 1017 4175 6.
1038 4120 1072 4175 23
1093 4125 1151 4188 aqi:

448 4257 573 4312 quorum
592 4242 623 4296 in
643 4256 765 4296 numero
786 4243 857 4296 sunt
877 4240 916 4295 illi
931 4240 1084 4296 duodecim
1096 4255 1254 4296 numeroso
1265 4240 1323 4295 situ
1335 4239 1490 4295 nominum

412 4366 443 4419 iu
462 4366 521 4420 duo
539 4379 645 4420 versus
663 4365 699 4418 ab
717 4363 812 4418 Ennio
831 4363 962 4418 coartati.

449 4499 500 4552 pro
523 4483 615 4554 „situ”
634 4482 792 4551 legendum
815 4482 956 4553 ,positu”.
