3590 5734
523 961 612 1034 289:
643 964 828 1055 „tenaxne
853 961 961 1051 pater
974 961 1032 1030 est
1045 958 1152 1030 eius?
1179 957 1304 1030 Immo
1322 957 1453 1050 edepol
1467 977 1546 1048 per-

519 1107 670 1182 tenax.''

473 1256 678 1348 plusculua
715 1254 817 1346 Apul
852 1254 939 1326 Met.
967 1253 1015 1344 Π,
1046 1255 1100 1325 17.
1131 1254 1186 1346 le,
1214 1253 1279 1344 ΠΙ,
1310 1252 1365 1324 17.
1393 1253 1450 1344 21,
1479 1249 1546 1323 ΙΧ.

522 1402 581 1473 41.
608 1403 641 1494 5,
668 1402 717 1474 X.
745 1403 777 1473 2.
805 1421 888 1493 pag.
916 1401 998 1472 222.
1027 1401 1083 1493 26,
1111 1401 1168 1472 23.
1197 1402 1229 1493 3,
1255 1399 1414 1471 Plautus
1434 1399 1549 1472 habet

521 1549 743 1622 adverbium
772 1547 988 1639 plusculum
1014 1547 1115 1619 Pers
1144 1547 1200 1617 21.

475 1697 664 1787 salutiger.
687 1696 800 1788 Apul.
820 1696 854 1767 d.
878 1695 911 1767 d.
928 1695 1028 1767 Socr.
1045 1696 1078 1766 6.
1094 1683 1385 1767 Deminutivum
1402 1693 1549 1787 „saluti-

523 1843 697 1934 gerulus'’
724 1844 884 1933 usurpat
908 1842 1066 1925 Plautus¹
1091 1841 1177 1913 Aul.
1205 1841 1287 1913 502.

476 1993 635 2083 sequior.
663 1991 775 2082 Apul.
804 1991 891 2062 Met.
919 1989 1004 2062 VH.
1033 1991 1066 2062 8.
1095 1989 1152 2081 25,
1179 1989 1227 2081 Χ,
1244 1991 1300 2061 23.
1318 1991 1383 2062 29:
1413 2009 1550 2083 „sexus

523 2137 695 2229 sequior’
742 2137 901 2209 Plautus
943 2137 1164 2208 adverbium
1202 2137 1355 2227 sequius
1394 2137 1548 2229 passim.

477 2284 701 2357 tantillulus
728 2284 923 2376 Apuleius,
951 2285 1014 2374 qui
1040 2284 1227 2375 plurimus
1253 2288 1312 2357 est
1337 2286 1375 2356 in
1393 2285 1551 2357 diminu-

393 2417 397 2426 ’
524 2432 616 2503 tivis
649 2432 720 2504 hac
749 2451 842 2504 voce
867 2433 987 2504 utitur
1013 2433 1100 2503 Met.
1128 2432 1176 2524 Π,
1206 2432 1262 2504 25.
1290 2433 1323 2526 8,
1350 2433 1390 2504 in
1415 2432 1550 2504 Plauto

492 2589 494 2596 ’
524 2579 668 2670 passim
701 2579 886 2671 scriptum
923 2579 1059 2670 legitur
1087 2579 1314 2672 „tantillus”
1352 2595 1447 2671 quae
1475 2599 1551 2651 vox

527 2726 758 2798 comicorum
797 2729 996 2817 poetarum
1030 2727 1182 2817 propria
1215 2730 1283 2799 est.
1319 2727 1416 2800 Vide
1441 2728 1552 2800 Plaut

509 2875 627 2947 *Most
652 2874 734 2966 394,
760 2874 868 2946 Truc.
896 2874 977 2964 537,
1006 2873 1088 2946 609.

477 3041 696 3113 vespernus
722 3021 836 3112 Apul.
863 3019 950 3092 Met.
979 3019 1046 3091 ΙΠ.
1077 3020 1107 3091 1.
1137 3021 1200 3091 12;
1231 3024 1382 3114 „aestus
1405 3021 1551 3094 invadit

527 3168 699 3240 animum
725 3168 900 3259 vesperni
925 3165 1181 3240 recordatione
1202 3167 1411 3240 facinoris.''
1438 3169 1552 3260 Apud

526 3314 706 3386 Plautum
743 3315 835 3386 haec
873 3333 951 3386 vox
976 3314 1205 3387 substantivi
1230 3317 1357 3406 partes
1382 3316 1460 3406 agit
1485 3337 1552 3408 per

527 3462 674 3552 ellipsin
707 3463 936 3534 substantivi
961 3481 1107 3534 coenae.
1135 3463 1287 3553 Legitur
1312 3464 1414 3536 enim
1449 3485 1550 3558 „ves-

528 3608 666 3700 perna''
693 3608 797 3680 Paul.
825 3627 872 3679 ex
897 3608 1010 3680 Festo
1037 3609 1118 3681 368.
1146 3611 1179 3681 8.

846 3947 872 3996 c.
931 3926 1187 3999 Adverbia.

482 4200 565 4273 Iam
593 4200 856 4291 aggrediamur
881 4200 928 4271 ad
954 4199 1130 4272 adverbia

481 4348 673 4420 altrorsus
713 4346 826 4438 Apul.
862 4347 949 4418 Met.
986 4347 1052 4419 IX.
1090 4348 1147 4419 28.
1177 4349 1232 4441 13,
1260 4348 1409 4422 diversa
1436 4351 1558 4423 forma

530 4495 630 4587 apud
656 4495 834 4566 Plautum
861 4493 1094 4566 altrovorsus
1121 4493 1202 4566 Cas.
1231 4497 1312 4568 446.
