3516 5730
962 717 1025 782 110

453 954 638 1045 cipitabo''
665 954 782 1041 (Ocni.
809 954 897 1026 Met.
924 955 972 1025 X.
1004 954 1058 1025 17.
1088 955 1128 1026 3:
1159 974 1243 1048 „me
1261 955 1529 1027 obtruncatum

452 1100 629 1173 vulturiis
668 1101 840 1192 opimum
880 1100 1062 1191 pabulum
1099 1101 1344 1188 redderent'').
1371 1102 1530 1174 Plautus

452 1248 492 1319 in
518 1248 690 1320 Rudente
731 1248 831 1319 770.:
869 1250 1003 1341 „teque
1037 1207 1341 1320 ambustulatum
1368 1249 1529 1321 obiciam

453 1395 602 1486 magnis
628 1395 762 1466 avibus
786 1394 1004 1486 pabulum.’'

503 1542 547 1613 In
584 1543 755 1634 pistrino⁷
794 1562 868 1633 quo
903 1542 1041 1614 Lucius
1076 1543 1205 1615 asinus
1230 1544 1435 1635 perductus
1460 1546 1529 1635 est,

454 1689 550 1762 vidit
575 1690 735 1761 miseros
761 1690 1022 1781 homunculos²
1050 1709 1222 1784 quorum„
1252 1691 1416 1785 „frontes
1437 1692 1533 1764 litte-

455 1835 549 1908 rati'’
578 1836 702 1927 (Apul.
730 1837 818 1908 Met.
845 1833 912 1908 IX.
943 1837 998 1907 12.
1027 1837 1096 1924 20).
1124 1838 1147 1909 i.
1162 1858 1192 1910 e.
1208 1838 1385 1928 stigmate
1398 1841 1530 1932 notati„

456 2002 570 2074 quam
597 1983 798 2054 dictionem
827 1984 1035 2074 reperimus
1061 1989 1099 2057 et
1123 1986 1162 2057 in
1188 1986 1311 2058 Plauti
1334 1987 1415 2060 Oas,
1439 1988 1529 2059 401:

459 2131 512 2224 „si
537 2131 599 2202 hic
623 2130 813 2202 litteratus
839 2150 901 2202 me
927 2131 1061 2203 sinat.”
1122 2152 1126 2162 ’

504 2279 559 2350 De
597 2297 751 2350 crurum
789 2277 904 2369 fregio
942 2279 1029 2351 vide
1069 2299 1182 2372 supra
1216 2282 1337 2372 capite
1364 2246 1531 2354 secundo

456 2427 525 2499 sub
552 2427 677 2498 verbo.

505 2573 559 2645 De
586 2573 724 2644 misero
742 2573 846 2644 asino
862 2573 1151 2646 vehementibus
1165 2575 1383 2647 verberibus
1397 2574 1530 2648 affecto

424 2805 427 2809 ‚
456 2719 647 2811 Apuleius
669 2719 735 2791 HI.
763 2721 820 2792 29.
851 2721 894 2792 15
921 2721 1068 2792 scribit:
1098 2721 1318 2814 „caedentes
1344 2721 1533 2794 hincinde

456 2867 641 2939 miserum
667 2867 812 2939 corium
837 2887 907 2939 nec
921 2868 1142 2958 cribrisjam
1156 2867 1369 2940 idoneum.''
1398 2866 1532 2940 Oonfer

457 3013 591 3085 Plauti.
631 3015 741 3086 Most.
777 3015 842 3085 55:
886 3035 930 3108 „o
969 3014 1213 3086 carnuficium
1240 3014 1405 3086 cribrum
1432 3014 1531 3105 quod

457 3161 567 3233 oredo
605 3160 692 3253 fore,
727 3162 781 3233 ita
814 3165 852 3233 te
878 3161 1053 3233 forabunt
1078 3162 1331 3253 patibulatum
1358 3181 1425 3254 per
1451 3163 1533 3234 vias

457 3308 623 3379 stimulis
649 3309 875 3380 carnifices.’'

508 3454 581 3527 Ubi
615 3454 661 3527 de
686 3454 950 3527 malificiorum
975 3457 1107 3547 poenis
1134 3475 1258 3528 sermo
1285 3457 1353 3547 est,
1381 3455 1533 3545 adjungi

458 3604 584 3692 potest
618 3602 846 3674 vocabulum
872 3602 1086 3692 significans
1112 3605 1259 3674 certum
1285 3621 1403 3692 genus
1429 3601 1532 3673 mali·

458 3748 640 3820 ficiorum.
687 3748 874 3840 Apuleius
920 3752 1080 3839 usurpat
1125 3768 1259 3820 vocem
1300 3745 1532 3842 „perfossor”

458 3895 568 3987 Apol.
617 3897 674 3966 32.
718 3896 877 3967 Plautus
915 3896 1047 3967 eodem
1086 3896 1270 3968 vocabulo
1309 3897 1430 3968 utitur
1469 3896 1534 3968 sed

458 4043 607 4134 planius
654 4043 783 4114 definit
829 4062 921 4115 voce
971 4043 1204 4136 „parietum”
1252 4044 1389 4116 addita.
1438 4043 1534 4115 Vide

459 4192 580 4264 Plaut.
608 4192 742 4263 Pseud.
770 4193 853 4264 979.

509 4339 591 4432 Hic„
632 4359 719 4411 curn
758 4340 866 4410 nobis
892 4357 1015 4411 sermo
1043 4342 1100 4411 est
1126 4339 1171 4410 de
1196 4338 1338 4430 poenis„
1366 4338 1535 4410 maxime

461 4486 505 4558 de
543 4487 590 4558 iis
628 4486 748 4558 servis
781 4486 970 4578 impositis
996 4505 1073 4558 non
1098 4486 1307 4559 absurdum
1333 4484 1534 4576 videbitur„

299 5424 524 5710 i?
690 5318 1084 5710 ‘m
