3590 5734
994 752 1036 816 30

478 984 711 1077 obstupidus,
750 988 863 1079 Apul.
891 989 978 1061 Met.
1005 989 1034 1062 Ι.
1062 991 1119 1062 25.
1149 992 1180 1064 7.
1207 992 1329 1065 Plaut.
1356 993 1432 1066 Mil.
1459 995 1552 1084 glor.

530 1133 635 1206 1254.
662 1134 757 1208 coni.
783 1135 920 1209 Pacuv.
949 1138 1006 1210 54.

480 1282 651 1355 oculatus
690 1283 802 1374 (quod
840 1285 1025 1374 significat
1061 1285 1171 1358 bonis
1196 1287 1314 1358 oculis
1339 1288 1555 1379 praeditus).

526 1429 640 1520 Apul.
679 1430 775 1521 apol.
811 1432 869 1503 57.
910 1431 1032 1504 Plaut.
1072 1433 1180 1506 Truo.
1220 1434 1302 1506 489.
1330 1434 1426 1508 coni.
1453 1435 1556 1510 Suet.

527 1577 583 1650 rh.
613 1579 646 1650 5.

479 1726 753 1816 oppessulatus.
793 1727 906 1818 Apul.
947 1728 1034 1800 Met.
1074 1728 1103 1800 I.
1144 1730 1201 1801 22.
1243 1731 1276 1822 3,
1316 1730 1384 1803 IX.
1412 1732 1469 1804 30.
1499 1731 1555 1804 11.

526 1872 718 1963 legebatur
756 1876 866 1945 antea
905 1875 945 1946 in
983 1894 1095 1948 scena
1128 1877 1302 1969 Amphit.
1331 1897 1425 1969 quae
1453 1899 1556 1951 nune

528 2021 725 2113 supposita
748 2020 918 2093 habetur.

480 2169 672 2260 patibulus
697 2169 766 2261 (sic
791 2169 955 2262 codices;
985 2169 1148 2260 Scaliger
1174 2189 1288 2260 quem
1314 2174 1465 2244 secutus
1485 2174 1554 2264 est,

529 2337 565 2390 v.
592 2317 627 2390 d.
655 2318 767 2390 Vliet.
794 2318 1050 2409 patibulatus).
1076 2318 1190 2409 Apul.
1219 2318 1306 2391 Met.
1333 2317 1400 2390 IV.
1427 2319 1556 2392 1016.

528 2464 649 2536 Plaut.
697 2463 739 2536 11.
788 2464 944 2538 Carbon.
993 2486 1025 2537 a.
1071 2463 1169 2538 Non.
1211 2465 1423 2558 „patibulus
1462 2463 1558 2537 ferar

530 2632 607 2705 per.
647 2613 816 2685 urbem.'’
857 2617 917 2700 (ex
951 2613 1166 2684 coniectura
1190 2612 1330 2703 Lipsii).
1383 2612 1557 2686 Codices:

534 2761 770 2855 „patibulum
817 2760 911 2833 ierat
957 2781 1023 2852 per
1069 2761 1212 2854 urbem,
1252 2760 1385 2833 deinde
1423 2762 1560 2852 adfigat

531 2907 737 2998 (adfigatur.
786 2907 880 2980 edid.
928 2909 968 2979 Z.
1018 2908 1185 2996 Mueller)
1224 2907 1359 2980 oruci'.
1398 2908 1434 2982 N
1436 2909 1556 2982 onius.

531 3055 579 3127 M.
607 3057 688 3128 221.

482 3204 645 3295 penitus.
676 3203 790 3296 Apul.
817 3205 905 3277 Met.
932 3204 978 3276 V.
1007 3205 1040 3276 8.
1069 3205 1134 3276 22;
1162 3202 1389 3295 praecordiis
1406 3204 1558 3295 penitus

532 3356 579 3437 (v.
608 3350 642 3422 d.
668 3350 781 3422 Vliet.
809 3370 898 3422 oum
916 3350 1165 3444 editionibus),
1179 3350 1406 3442 praecordiis
1419 3351 1558 3441 penitis

531 3498 727 3591 (Oudend.)
752 3500 840 3571 Met.
868 3498 973 3571 VIH.
1002 3499 1034 3570 7.
1059 3499 1124 3570 25:
1151 3497 1556 3589 penitusinmedullis

532 3645 643 3719 Oolv:
671 3646 809 3737 penitis
835 3646 875 3717 in
891 3645 1077 3717 medullis,
1106 3644 1408 3717 naticlero:
1431 3645 1560 3736 penita

531 3796 669 3865 mente.
709 3792 819 3884 Apol.
859 3793 924 3864 31:
963 3792 1116 3883 penitus
1153 3792 1316 3883 piscium
1352 3792 1557 3863 ventribus.

532 3941 757 4014 Salmasius:
784 3941 922 4033 penitis
948 3940 1110 4032 piscium
1136 3940 1343 4012 ventribus.
1359 3938 1392 4012 d.
1407 3938 1442 4011 d.
1457 3938 1558 4011 Soor.

378 4105 380 4108 ·
534 4089 597 4161 16;
636 4090 675 4161 in
704 4089 797 4180 ipsis
822 4088 1070 4180 penitissimis
1095 4087 1287 4160 mentibus
1314 4085 1408 4160 coni.
1435 4085 1557 4158 Plaut.

532 4235 620 4309 Oist.
636 4236 701 4308 63:
728 4237 880 4327 pectore
892 4235 1141 4326 peritissimo.
1156 4233 1264 4306 Asin.
1280 4234 1345 4306 41:
1361 4253 1409 4305 ex
1421 4232 1560 4324 penitis

533 4384 737 4458 faucibus.'’
777 4384 878 4456 Pers.
920 4384 1009 4455 522;
1049 4402 1098 4455 ex
1135 4382 1276 4455 Arabia
1309 4382 1558 4474 penitissima.

533 4531 593 4604 Sic
619 4535 657 4604 et
683 4532 765 4604 541.
792 4531 887 4606 conl.
915 4532 1022 4604 Varr.
1051 4532 1129 4604 Sat.
1157 4532 1254 4604 Men.
1281 4530 1323 4603 11.
1351 4531 1432 4602 522.
