<?xml version="1.0" encoding="UTF-8"?>
<!DOCTYPE html PUBLIC "-//W3C//DTD XHTML 1.0 Transitional//EN"
    "http://www.w3.org/TR/xhtml1/DTD/xhtml1-transitional.dtd">
<html xmlns="http://www.w3.org/1999/xhtml" xml:lang="en" lang="en">
 <head>
  <title>
</title>
<meta http-equiv="Content-Type" content="text/html;charset=utf-8" />
  <meta name='ocr-system' content='tesseract 3.04.00' />
  <meta name='ocr-capabilities' content='ocr_page ocr_carea ocr_par ocr_line ocrx_word'/>
</head>
<body>
  <div class='ocr_page' id='page_1' title='image "./deapuleistudiis00unkngoog_0131.png"; bbox 0 0 3516 5730; ppageno 0'>
   <div class='ocr_carea' id='block_1_1' title="bbox 949 691 1011 754">
    <p class='ocr_par' dir='ltr' id='par_1_1' title="bbox 949 691 1011 754">
     <span class='ocr_line' id='line_1_1' title="bbox 949 691 1011 754; baseline 0.016 -1"><span class='ocrx_word' id='word_1_1' title='bbox 949 691 1011 754; x_wconf 78' lang='lat'>114</span> 
     </span>
    </p>
   </div>
   <div class='ocr_carea' id='block_1_2' title="bbox 433 925 1517 3228">
    <p class='ocr_par' dir='ltr' id='par_1_2' title="bbox 433 925 1517 1901">
     <span class='ocr_line' id='line_1_2' title="bbox 433 925 1508 1018; baseline 0.005 -22"><span class='ocrx_word' id='word_1_2' title='bbox 433 925 703 1016; x_wconf 83' lang='lat' dir='ltr'>significatione</span> <span class='ocrx_word' id='word_1_3' title='bbox 739 928 786 999; x_wconf 85' lang='lat' dir='ltr'>ab</span> <span class='ocrx_word' id='word_1_4' title='bbox 823 931 984 1018; x_wconf 88' lang='lat' dir='ltr'>utroque</span> <span class='ocrx_word' id='word_1_5' title='bbox 1008 931 1160 1000; x_wconf 88' lang='lat' dir='ltr'>auctore</span> <span class='ocrx_word' id='word_1_6' title='bbox 1186 929 1398 1003; x_wconf 88' lang='lat' dir='ltr'>adhibitum</span> <span class='ocrx_word' id='word_1_7' title='bbox 1424 949 1508 1001; x_wconf 90' lang='lat' dir='ltr'>esse</span> 
     </span>
     <span class='ocr_line' id='line_1_3' title="bbox 437 1072 1516 1168; baseline 0.004 -24"><span class='ocrx_word' id='word_1_8' title='bbox 437 1072 551 1165; x_wconf 88' lang='lat' dir='ltr'>Apul.</span> <span class='ocrx_word' id='word_1_9' title='bbox 589 1074 677 1146; x_wconf 89' lang='lat' dir='ltr'>Met.</span> <span class='ocrx_word' id='word_1_10' title='bbox 717 1074 803 1146; x_wconf 88' lang='lat' dir='ltr'>Vll.</span> <span class='ocrx_word' id='word_1_11' title='bbox 839 1075 896 1146; x_wconf 79' lang='lat'>21.</span> <span class='ocrx_word' id='word_1_12' title='bbox 928 1076 990 1146; x_wconf 81' lang='lat'>13:</span> <span class='ocrx_word' id='word_1_13' title='bbox 1021 1075 1179 1168; x_wconf 87' lang='lat' dir='ltr'>„ferinas</span> <span class='ocrx_word' id='word_1_14' title='bbox 1207 1095 1342 1148; x_wconf 85' lang='lat' dir='ltr'>aversa</span> <span class='ocrx_word' id='word_1_15' title='bbox 1367 1076 1516 1148; x_wconf 82' lang='lat' dir='ltr'>Venere</span> 
     </span>
     <span class='ocr_line' id='line_1_4' title="bbox 437 1220 1517 1316; baseline 0.002 -25"><span class='ocrx_word' id='word_1_16' title='bbox 437 1221 575 1293; x_wconf 91' lang='lat' dir='ltr'>invitat</span> <span class='ocrx_word' id='word_1_17' title='bbox 611 1221 658 1292; x_wconf 85' lang='lat' dir='ltr'>ad</span> <span class='ocrx_word' id='word_1_18' title='bbox 696 1220 884 1312; x_wconf 88' lang='lat' dir='ltr'>nuptias.&#39;&#39;</span> <span class='ocrx_word' id='word_1_19' title='bbox 919 1222 1006 1293; x_wconf 88' lang='lat' dir='ltr'>Met.</span> <span class='ocrx_word' id='word_1_20' title='bbox 1035 1222 1140 1294; x_wconf 89' lang='lat' dir='ltr'><strong>VHI.</strong></span> <span class='ocrx_word' id='word_1_21' title='bbox 1170 1223 1321 1294; x_wconf 75' lang='lat' dir='ltr'>1L25:</span> <span class='ocrx_word' id='word_1_22' title='bbox 1352 1223 1517 1316; x_wconf 84' lang='lat' dir='ltr'>„placuit</span> 
     </span>
     <span class='ocr_line' id='line_1_5' title="bbox 437 1368 1514 1461; baseline 0.001 -22"><span class='ocrx_word' id='word_1_23' title='bbox 437 1368 637 1461; x_wconf 82' lang='lat' dir='ltr'>Thrasyllo</span> <span class='ocrx_word' id='word_1_24' title='bbox 663 1389 774 1440; x_wconf 86' lang='lat' dir='ltr'>scena</span> <span class='ocrx_word' id='word_1_25' title='bbox 801 1368 972 1441; x_wconf 83' lang='lat' dir='ltr'>feralium</span> <span class='ocrx_word' id='word_1_26' title='bbox 997 1370 1254 1461; x_wconf 89' lang='lat' dir='ltr'>nuptiarum.’&#39;</span> <span class='ocrx_word' id='word_1_27' title='bbox 1282 1371 1360 1442; x_wconf 87' lang='lat' dir='ltr'>Met</span> <span class='ocrx_word' id='word_1_28' title='bbox 1391 1371 1439 1442; x_wconf 92' lang='lat' dir='ltr'>X.</span> <span class='ocrx_word' id='word_1_29' title='bbox 1456 1372 1514 1443; x_wconf 80' lang='lat'>34.</span> 
     </span>
     <span class='ocr_line' id='line_1_6' title="bbox 439 1515 1516 1610; baseline 0.003 -23"><span class='ocrx_word' id='word_1_30' title='bbox 439 1517 505 1588; x_wconf 85' lang='lat'>31:</span> <span class='ocrx_word' id='word_1_31' title='bbox 536 1517 730 1610; x_wconf 82' lang='lat' dir='ltr'>„meisque</span> <span class='ocrx_word' id='word_1_32' title='bbox 755 1515 955 1606; x_wconf 85' lang='lat' dir='ltr'>praeclaris</span> <span class='ocrx_word' id='word_1_33' title='bbox 972 1516 1116 1607; x_wconf 87' lang='lat' dir='ltr'>nuptiis</span> <span class='ocrx_word' id='word_1_34' title='bbox 1129 1517 1358 1590; x_wconf 86' lang='lat' dir='ltr'>destinatam</span> <span class='ocrx_word' id='word_1_35' title='bbox 1375 1517 1394 1544; x_wconf 90' lang='lat'>&#39;’</span> <span class='ocrx_word' id='word_1_36' title='bbox 1424 1517 1516 1592; x_wconf 80' lang='lat' dir='ltr'>Gon-</span> 
     </span>
     <span class='ocr_line' id='line_1_7' title="bbox 436 1663 1516 1754; baseline 0.002 -20"><span class='ocrx_word' id='word_1_37' title='bbox 436 1663 500 1736; x_wconf 82' lang='lat' dir='ltr'>ier.</span> <span class='ocrx_word' id='word_1_38' title='bbox 527 1664 648 1735; x_wconf 89' lang='lat' dir='ltr'>Plaut.</span> <span class='ocrx_word' id='word_1_39' title='bbox 677 1663 763 1736; x_wconf 80' lang='lat' dir='ltr'>Cas·</span> <span class='ocrx_word' id='word_1_40' title='bbox 785 1664 874 1735; x_wconf 76' lang='lat'>486:</span> <span class='ocrx_word' id='word_1_41' title='bbox 907 1663 1020 1752; x_wconf 82' lang='lat' dir='ltr'>„dum</span> <span class='ocrx_word' id='word_1_42' title='bbox 1045 1683 1112 1754; x_wconf 82' lang='lat' dir='ltr'>ego</span> <span class='ocrx_word' id='word_1_43' title='bbox 1129 1683 1217 1735; x_wconf 93' lang='lat' dir='ltr'>cum</span> <span class='ocrx_word' id='word_1_44' title='bbox 1231 1664 1366 1737; x_wconf 79' lang='lat' dir='ltr'>Casina</span> <span class='ocrx_word' id='word_1_45' title='bbox 1379 1664 1516 1736; x_wconf 86' lang='lat' dir='ltr'>faciam</span> 
     </span>
     <span class='ocr_line' id='line_1_8' title="bbox 436 1809 624 1901; baseline 0 -19"><span class='ocrx_word' id='word_1_46' title='bbox 436 1809 624 1901; x_wconf 85' lang='lat' dir='ltr'>nuptias’&#39;</span> 
     </span>
    </p>

    <p class='ocr_par' dir='ltr' id='par_1_3' title="bbox 437 1956 1516 2195">
     <span class='ocr_line' id='line_1_9' title="bbox 486 1956 1516 2049; baseline 0.001 -21"><span class='ocrx_word' id='word_1_47' title='bbox 486 1957 559 2029; x_wconf 91' lang='lat' dir='ltr'>Hic</span> <span class='ocrx_word' id='word_1_48' title='bbox 597 1957 709 2048; x_wconf 85' lang='lat' dir='ltr'>enim,</span> <span class='ocrx_word' id='word_1_49' title='bbox 748 1957 922 2049; x_wconf 85' lang='lat' dir='ltr'>„nuptias</span> <span class='ocrx_word' id='word_1_50' title='bbox 959 1956 1113 2048; x_wconf 87' lang='lat' dir='ltr'>facere,&#39;&#39;</span> <span class='ocrx_word' id='word_1_51' title='bbox 1153 1960 1197 2028; x_wconf 93' lang='lat' dir='ltr'>ut</span> <span class='ocrx_word' id='word_1_52' title='bbox 1236 1957 1380 2048; x_wconf 85' lang='lat' dir='ltr'>passim</span> <span class='ocrx_word' id='word_1_53' title='bbox 1415 1959 1516 2049; x_wconf 91' lang='lat' dir='ltr'>apud</span> 
     </span>
     <span class='ocr_line' id='line_1_10' title="bbox 437 2103 1514 2195; baseline -0.005 -20"><span class='ocrx_word' id='word_1_54' title='bbox 437 2104 628 2195; x_wconf 91' lang='lat' dir='ltr'>Plautum,</span> <span class='ocrx_word' id='word_1_55' title='bbox 655 2103 815 2175; x_wconf 87' lang='lat' dir='ltr'>verbum</span> <span class='ocrx_word' id='word_1_56' title='bbox 840 2103 1005 2175; x_wconf 90' lang='lat' dir='ltr'>nubendi</span> <span class='ocrx_word' id='word_1_57' title='bbox 1031 2103 1125 2175; x_wconf 89' lang='lat' dir='ltr'>nihil</span> <span class='ocrx_word' id='word_1_58' title='bbox 1152 2107 1210 2176; x_wconf 88' lang='lat' dir='ltr'>est</span> <span class='ocrx_word' id='word_1_59' title='bbox 1234 2105 1308 2176; x_wconf 85' lang='lat' dir='ltr'>nisi</span> <span class='ocrx_word' id='word_1_60' title='bbox 1326 2117 1514 2180; x_wconf 74' lang='grc' dir='ltr'><strong><em>συνουσιάζειν.</em></strong></span> 
     </span>
    </p>

    <p class='ocr_par' dir='ltr' id='par_1_4' title="bbox 437 2249 1514 2616">
     <span class='ocr_line' id='line_1_11' title="bbox 486 2249 1514 2342; baseline 0.005 -22"><span class='ocrx_word' id='word_1_61' title='bbox 486 2249 611 2321; x_wconf 84' lang='lat' dir='ltr'>Etiam</span> <span class='ocrx_word' id='word_1_62' title='bbox 639 2249 747 2340; x_wconf 90' lang='lat' dir='ltr'>plura</span> <span class='ocrx_word' id='word_1_63' title='bbox 775 2250 956 2323; x_wconf 88' lang='lat' dir='ltr'>vocabula</span> <span class='ocrx_word' id='word_1_64' title='bbox 973 2253 1118 2323; x_wconf 89' lang='lat' dir='ltr'>restant</span> <span class='ocrx_word' id='word_1_65' title='bbox 1132 2252 1281 2342; x_wconf 87' lang='lat' dir='ltr'>utrique</span> <span class='ocrx_word' id='word_1_66' title='bbox 1295 2255 1514 2325; x_wconf 91' lang='lat' dir='ltr'>nostrorum</span> 
     </span>
     <span class='ocr_line' id='line_1_12' title="bbox 437 2397 1514 2494; baseline 0.004 -26"><span class='ocrx_word' id='word_1_67' title='bbox 437 2399 636 2469; x_wconf 88' lang='lat' dir='ltr'>auctorum</span> <span class='ocrx_word' id='word_1_68' title='bbox 687 2397 838 2487; x_wconf 88' lang='lat' dir='ltr'>propria</span> <span class='ocrx_word' id='word_1_69' title='bbox 889 2397 1169 2490; x_wconf 84' lang='lat' dir='ltr'>significatione,</span> <span class='ocrx_word' id='word_1_70' title='bbox 1222 2419 1317 2489; x_wconf 88' lang='lat' dir='ltr'>quae</span> <span class='ocrx_word' id='word_1_71' title='bbox 1367 2400 1514 2494; x_wconf 77' lang='lat' dir='ltr'>dicitur,</span> 
     </span>
     <span class='ocr_line' id='line_1_13' title="bbox 437 2545 586 2616; baseline -0.013 0"><span class='ocrx_word' id='word_1_72' title='bbox 437 2545 586 2616; x_wconf 87' lang='lat' dir='ltr'>erotica.</span> 
     </span>
    </p>

    <p class='ocr_par' dir='ltr' id='par_1_5' title="bbox 436 2689 1515 3228">
     <span class='ocr_line' id='line_1_14' title="bbox 490 2689 1515 2786; baseline 0.004 -23"><span class='ocrx_word' id='word_1_73' title='bbox 490 2689 741 2786; x_wconf 82' lang='lat' dir='ltr'>„Morigerus”</span> <span class='ocrx_word' id='word_1_74' title='bbox 757 2708 868 2781; x_wconf 81' lang='lat' dir='ltr'>saepe</span> <span class='ocrx_word' id='word_1_75' title='bbox 881 2694 919 2762; x_wconf 87' lang='lat' dir='ltr'>et</span> <span class='ocrx_word' id='word_1_76' title='bbox 933 2691 1088 2763; x_wconf 88' lang='lat' dir='ltr'>comicis</span> <span class='ocrx_word' id='word_1_77' title='bbox 1102 2694 1140 2763; x_wconf 89' lang='lat' dir='ltr'>et</span> <span class='ocrx_word' id='word_1_78' title='bbox 1152 2692 1314 2783; x_wconf 82' lang='lat' dir='ltr'>Apuleio</span> <span class='ocrx_word' id='word_1_79' title='bbox 1329 2694 1515 2767; x_wconf 81' lang='lat' dir='ltr'>obscoene</span> 
     </span>
     <span class='ocr_line' id='line_1_15' title="bbox 438 2838 1515 2935; baseline 0.004 -25"><span class='ocrx_word' id='word_1_80' title='bbox 438 2840 607 2931; x_wconf 86' lang='lat' dir='ltr'>positum</span> <span class='ocrx_word' id='word_1_81' title='bbox 646 2842 713 2910; x_wconf 86' lang='lat' dir='ltr'>est.</span> <span class='ocrx_word' id='word_1_82' title='bbox 754 2838 868 2930; x_wconf 80' lang='lat' dir='ltr'>Apul.</span> <span class='ocrx_word' id='word_1_83' title='bbox 897 2840 983 2911; x_wconf 87' lang='lat' dir='ltr'>Met.</span> <span class='ocrx_word' id='word_1_84' title='bbox 1012 2839 1060 2911; x_wconf 88' lang='grc' dir='ltr'>Π.</span> <span class='ocrx_word' id='word_1_85' title='bbox 1088 2841 1120 2911; x_wconf 84' lang='lat'>5.</span> <span class='ocrx_word' id='word_1_86' title='bbox 1151 2841 1215 2912; x_wconf 86' lang='lat'>10:</span> <span class='ocrx_word' id='word_1_87' title='bbox 1245 2845 1361 2935; x_wconf 82' lang='lat' dir='ltr'>„tunc</span> <span class='ocrx_word' id='word_1_88' title='bbox 1387 2843 1515 2915; x_wconf 87' lang='lat' dir='ltr'>minus</span> 
     </span>
     <span class='ocr_line' id='line_1_16' title="bbox 438 2985 1513 3080; baseline 0.003 -23"><span class='ocrx_word' id='word_1_89' title='bbox 438 2985 644 3076; x_wconf 83' lang='lat' dir='ltr'>morigeros</span> <span class='ocrx_word' id='word_1_90' title='bbox 683 2986 818 3075; x_wconf 84' lang='lat' dir='ltr'>(agitur</span> <span class='ocrx_word' id='word_1_91' title='bbox 856 2986 901 3058; x_wconf 93' lang='lat' dir='ltr'>de</span> <span class='ocrx_word' id='word_1_92' title='bbox 922 2987 1127 3077; x_wconf 88' lang='lat' dir='ltr'>juvenibus</span> <span class='ocrx_word' id='word_1_93' title='bbox 1152 2988 1370 3080; x_wconf 77' lang='lat' dir='ltr'>Pamphiles</span> <span class='ocrx_word' id='word_1_94' title='bbox 1397 2989 1513 3061; x_wconf 88' lang='lat' dir='ltr'>libidi-</span> 
     </span>
     <span class='ocr_line' id='line_1_17' title="bbox 436 3133 1514 3228; baseline 0.003 -24"><span class='ocrx_word' id='word_1_95' title='bbox 436 3152 551 3205; x_wconf 88' lang='lat' dir='ltr'>nosae</span> <span class='ocrx_word' id='word_1_96' title='bbox 597 3133 804 3224; x_wconf 87' lang='lat' dir='ltr'>voluptatis</span> <span class='ocrx_word' id='word_1_97' title='bbox 846 3133 1038 3206; x_wconf 75' lang='lat' dir='ltr'>illecebras</span> <span class='ocrx_word' id='word_1_98' title='bbox 1077 3133 1371 3228; x_wconf 84' lang='lat' dir='ltr'>recusantibus).</span> <span class='ocrx_word' id='word_1_99' title='bbox 1386 3192 1391 3205; x_wconf 93' lang='lat'><em>.</em></span> <span class='ocrx_word' id='word_1_100' title='bbox 1408 3192 1435 3207; x_wconf 92' lang='lat'>..</span> <span class='ocrx_word' id='word_1_101' title='bbox 1475 3136 1514 3207; x_wconf 94' lang='lat' dir='ltr'>in</span> 
     </span>
    </p>
   </div>
   <div class='ocr_carea' id='block_1_3' title="bbox 437 3272 1512 3373">
    <p class='ocr_par' dir='ltr' id='par_1_6' title="bbox 437 3272 1512 3373">
     <span class='ocr_line' id='line_1_18' title="bbox 437 3272 1512 3373; baseline 0.001 -21"><span class='ocrx_word' id='word_1_102' title='bbox 437 3272 556 3372; x_wconf 77' lang='lat' dir='ltr'>pecua</span> <span class='ocrx_word' id='word_1_103' title='bbox 581 3284 619 3353; x_wconf 89' lang='lat' dir='ltr'>et</span> <span class='ocrx_word' id='word_1_104' title='bbox 644 3282 804 3372; x_wconf 86' lang='lat' dir='ltr'>quodvis</span> <span class='ocrx_word' id='word_1_105' title='bbox 831 3283 971 3354; x_wconf 86' lang='lat' dir='ltr'>animal</span> <span class='ocrx_word' id='word_1_106' title='bbox 996 3286 1138 3373; x_wconf 88' lang='lat' dir='ltr'>puncto</span> <span class='ocrx_word' id='word_1_107' title='bbox 1160 3281 1374 3354; x_wconf 86' lang='lat' dir='ltr'>reformat.’&#39;</span> <span class='ocrx_word' id='word_1_108' title='bbox 1402 3281 1512 3372; x_wconf 85' lang='lat' dir='ltr'>Apol.</span> 
     </span>
    </p>
   </div>
   <div class='ocr_carea' id='block_1_4' title="bbox 435 3427 1514 4531">
    <p class='ocr_par' dir='ltr' id='par_1_7' title="bbox 435 3427 1514 3963">
     <span class='ocr_line' id='line_1_19' title="bbox 441 3427 1514 3520; baseline 0.002 -22"><span class='ocrx_word' id='word_1_109' title='bbox 441 3427 506 3499; x_wconf 77' lang='lat'>74:</span> <span class='ocrx_word' id='word_1_110' title='bbox 548 3428 907 3520; x_wconf 78' lang='lat' dir='ltr'>„emasculatoribus</span> <span class='ocrx_word' id='word_1_111' title='bbox 932 3430 1012 3500; x_wconf 86' lang='lat' dir='ltr'>suis</span> <span class='ocrx_word' id='word_1_112' title='bbox 1037 3429 1084 3500; x_wconf 90' lang='lat' dir='ltr'>ad</span> <span class='ocrx_word' id='word_1_113' title='bbox 1110 3429 1238 3500; x_wconf 83' lang='lat' dir='ltr'>omnia</span> <span class='ocrx_word' id='word_1_114' title='bbox 1262 3428 1413 3500; x_wconf 83' lang='lat' dir='ltr'>infanda</span> <span class='ocrx_word' id='word_1_115' title='bbox 1438 3447 1514 3500; x_wconf 87' lang='lat' dir='ltr'>rno-</span> 
     </span>
     <span class='ocr_line' id='line_1_20' title="bbox 436 3572 1514 3670; baseline 0.002 -25"><span class='ocrx_word' id='word_1_116' title='bbox 436 3572 615 3664; x_wconf 82' lang='lat' dir='ltr'>rigerus.’&#39;</span> <span class='ocrx_word' id='word_1_117' title='bbox 656 3574 758 3648; x_wconf 83' lang='lat' dir='ltr'>Oonf.</span> <span class='ocrx_word' id='word_1_118' title='bbox 798 3577 919 3649; x_wconf 88' lang='lat' dir='ltr'>Plaut.</span> <span class='ocrx_word' id='word_1_119' title='bbox 955 3576 1054 3650; x_wconf 56' lang='lat' dir='ltr'>Cass</span> <span class='ocrx_word' id='word_1_120' title='bbox 1073 3577 1163 3649; x_wconf 79' lang='lat'>896:</span> <span class='ocrx_word' id='word_1_121' title='bbox 1203 3576 1321 3670; x_wconf 77' lang='lat' dir='ltr'>„Quid</span> <span class='ocrx_word' id='word_1_122' title='bbox 1346 3576 1423 3665; x_wconf 85' lang='lat' dir='ltr'>agit</span> <span class='ocrx_word' id='word_1_123' title='bbox 1451 3574 1514 3648; x_wconf 83' lang='lat' dir='ltr'>Oa·</span> 
     </span>
     <span class='ocr_line' id='line_1_21' title="bbox 435 3721 1506 3814; baseline 0 -21"><span class='ocrx_word' id='word_1_124' title='bbox 435 3723 543 3794; x_wconf 81' lang='lat' dir='ltr'>sina?</span> <span class='ocrx_word' id='word_1_125' title='bbox 569 3722 674 3794; x_wconf 82' lang='lat' dir='ltr'>Satin</span> <span class='ocrx_word' id='word_1_126' title='bbox 700 3725 886 3814; x_wconf 84' lang='lat' dir='ltr'>morigera</span> <span class='ocrx_word' id='word_1_127' title='bbox 911 3727 995 3796; x_wconf 78' lang='lat' dir='ltr'>est?</span> <span class='ocrx_word' id='word_1_128' title='bbox 1022 3725 1076 3797; x_wconf 90' lang='lat' dir='ltr'>Ol.</span> <span class='ocrx_word' id='word_1_129' title='bbox 1092 3725 1213 3796; x_wconf 86' lang='lat' dir='ltr'>Pudet</span> <span class='ocrx_word' id='word_1_130' title='bbox 1230 3721 1386 3795; x_wconf 86' lang='lat' dir='ltr'>dicere.&#39;&#39;</span> <span class='ocrx_word' id='word_1_131' title='bbox 1416 3722 1506 3796; x_wconf 86' lang='lat' dir='ltr'>Oist.</span> 
     </span>
     <span class='ocr_line' id='line_1_22' title="bbox 440 3869 1512 3963; baseline 0.002 -23"><span class='ocrx_word' id='word_1_132' title='bbox 440 3870 526 3941; x_wconf 81' lang='lat'>175:</span> <span class='ocrx_word' id='word_1_133' title='bbox 570 3869 690 3963; x_wconf 82' lang='lat' dir='ltr'>„facta</span> <span class='ocrx_word' id='word_1_134' title='bbox 728 3871 914 3961; x_wconf 83' lang='lat' dir='ltr'>morigera</span> <span class='ocrx_word' id='word_1_135' title='bbox 951 3875 1010 3944; x_wconf 88' lang='lat' dir='ltr'>est</span> <span class='ocrx_word' id='word_1_136' title='bbox 1044 3869 1161 3963; x_wconf 82' lang='lat' dir='ltr'>viro,’&#39;</span> <span class='ocrx_word' id='word_1_137' title='bbox 1210 3871 1355 3961; x_wconf 88' lang='lat' dir='ltr'>aliaque</span> <span class='ocrx_word' id='word_1_138' title='bbox 1393 3869 1512 3961; x_wconf 90' lang='lat' dir='ltr'>plura.</span> 
     </span>
    </p>

    <p class='ocr_par' dir='ltr' id='par_1_8' title="bbox 437 4018 1514 4531">
     <span class='ocr_line' id='line_1_23' title="bbox 488 4018 1514 4112; baseline -0.001 -22"><span class='ocrx_word' id='word_1_139' title='bbox 488 4018 699 4112; x_wconf 82' lang='lat' dir='ltr'>„Scitulus”</span> <span class='ocrx_word' id='word_1_140' title='bbox 740 4018 816 4090; x_wconf 86' lang='lat' dir='ltr'>dici.</span> <span class='ocrx_word' id='word_1_141' title='bbox 851 4021 977 4111; x_wconf 86' lang='lat' dir='ltr'>potest</span> <span class='ocrx_word' id='word_1_142' title='bbox 1008 4019 1053 4090; x_wconf 90' lang='lat' dir='ltr'>de</span> <span class='ocrx_word' id='word_1_143' title='bbox 1079 4038 1133 4111; x_wconf 84' lang='lat' dir='ltr'>eo,</span> <span class='ocrx_word' id='word_1_144' title='bbox 1161 4019 1224 4108; x_wconf 91' lang='lat' dir='ltr'>qui</span> <span class='ocrx_word' id='word_1_145' title='bbox 1250 4019 1430 4109; x_wconf 81' lang='lat' dir='ltr'>expertus</span> <span class='ocrx_word' id='word_1_146' title='bbox 1456 4019 1514 4089; x_wconf 88' lang='lat' dir='ltr'>est</span> 
     </span>
     <span class='ocr_line' id='line_1_24' title="bbox 437 4164 1513 4255; baseline -0.001 -18"><span class='ocrx_word' id='word_1_147' title='bbox 437 4166 477 4238; x_wconf 91' lang='lat' dir='ltr'>in</span> <span class='ocrx_word' id='word_1_148' title='bbox 502 4167 614 4238; x_wconf 87' lang='lat' dir='ltr'>rebus</span> <span class='ocrx_word' id='word_1_149' title='bbox 640 4167 845 4238; x_wconf 89' lang='lat' dir='ltr'>obscoenis.</span> <span class='ocrx_word' id='word_1_150' title='bbox 873 4166 956 4237; x_wconf 91' lang='lat' dir='ltr'>Hac</span> <span class='ocrx_word' id='word_1_151' title='bbox 969 4167 1072 4238; x_wconf 91' lang='lat' dir='ltr'>enim</span> <span class='ocrx_word' id='word_1_152' title='bbox 1085 4186 1160 4237; x_wconf 92' lang='lat' dir='ltr'>una</span> <span class='ocrx_word' id='word_1_153' title='bbox 1174 4166 1319 4237; x_wconf 87' lang='lat' dir='ltr'>ratione</span> <span class='ocrx_word' id='word_1_154' title='bbox 1333 4164 1513 4255; x_wconf 85' lang='lat' dir='ltr'>explicari</span> 
     </span>
     <span class='ocr_line' id='line_1_25' title="bbox 437 4311 1513 4406; baseline -0.003 -21"><span class='ocrx_word' id='word_1_155' title='bbox 437 4315 563 4406; x_wconf 91' lang='lat' dir='ltr'>potest</span> <span class='ocrx_word' id='word_1_156' title='bbox 590 4312 704 4405; x_wconf 85' lang='lat' dir='ltr'>Apul.</span> <span class='ocrx_word' id='word_1_157' title='bbox 733 4313 820 4384; x_wconf 87' lang='lat' dir='ltr'>Met.</span> <span class='ocrx_word' id='word_1_158' title='bbox 848 4311 876 4383; x_wconf 88' lang='lat' dir='ltr'>l.</span> <span class='ocrx_word' id='word_1_159' title='bbox 894 4313 925 4383; x_wconf 85' lang='lat'>7.</span> <span class='ocrx_word' id='word_1_160' title='bbox 941 4313 982 4384; x_wconf 87' lang='lat'>8:</span> <span class='ocrx_word' id='word_1_161' title='bbox 1013 4312 1083 4406; x_wconf 82' lang='lat' dir='ltr'>„ad</span> <span class='ocrx_word' id='word_1_162' title='bbox 1097 4311 1287 4403; x_wconf 87' lang='lat' dir='ltr'>quandam</span> <span class='ocrx_word' id='word_1_163' title='bbox 1301 4329 1513 4400; x_wconf 89' lang='lat' dir='ltr'>cauponam</span> 
     </span>
     <span class='ocr_line' id='line_1_26' title="bbox 438 4457 1512 4531; baseline -0.001 0"><span class='ocrx_word' id='word_1_164' title='bbox 438 4460 590 4531; x_wconf 88' lang='lat' dir='ltr'>Meroen</span> <span class='ocrx_word' id='word_1_165' title='bbox 627 4479 743 4531; x_wconf 88' lang='lat' dir='ltr'>anum</span> <span class='ocrx_word' id='word_1_166' title='bbox 781 4459 846 4531; x_wconf 86' lang='lat' dir='ltr'>sed</span> <span class='ocrx_word' id='word_1_167' title='bbox 885 4459 1091 4531; x_wconf 85' lang='lat' dir='ltr'>admodum</span> <span class='ocrx_word' id='word_1_168' title='bbox 1118 4458 1293 4530; x_wconf 90' lang='lat' dir='ltr'>scitulam</span> <span class='ocrx_word' id='word_1_169' title='bbox 1319 4457 1512 4530; x_wconf 86' lang='lat' dir='ltr'>devert0.&#39;&#39;</span> 
     </span>
    </p>
   </div>
   <div class='ocr_carea' id='block_1_5' title="bbox 0 0 1762 5730">
    <p class='ocr_par' dir='ltr' id='par_1_9' title="bbox 0 0 1762 5730">
     <span class='ocr_line' id='line_1_27' title="bbox 0 0 1762 5730; baseline 0 0"><span class='ocrx_word' id='word_1_170' title='bbox 0 0 1762 5730; x_wconf 95' lang='lat' dir='ltr'> </span> 
     </span>
    </p>
   </div>
  </div>
 </body>
</html>
