3516 5730
468 969 1386 1059 11221111111111111111123Ρ]1112.Β11121212.463;
1424 988 1583 1061 „-com

467 1137 578 1209 pesce
618 1119 657 1189 in
691 1118 799 1190 illum
826 1119 1022 1208 dicerem]
1017 1119 1121 1189 uste.
1128 1116 1287 1190 ”idon
1314 1116 1428 1207 Apul.
1456 1116 1545 1188 Met.

469 1264 496 1337 Ι.
525 1267 557 1337 8.
586 1267 626 1337 2;
656 1267 798 1359 „’parcc
803 1267 971 1358 'inquit
998 1266 1037 1336 in
1063 1264 1242 1337 feminam
1271 1265 1452 1336 divinam.
1518 1320 1519 1324 ¹

521 1419 702 1502 „’sumere
706 1417 941 1504 'usurpatur
954 1433 1022 1504 pro
1037 1432 1207 1503 composi
1195 1412 1248 1484 ito
1265 1415 1546 1505 ,co.''nsumere

468 1561 582 1653 Apul.
622 1562 710 1633 Met.
750 1561 796 1632 H
837 1562 869 1632 5.
899 1561 939 1632 7:
971 1580 1082 1654 „nam
1108 1560 1222 1631 simui
1249 1579 1437 1650 quemque
1463 1579 1547 1631 con·

470 1709 595 1799 spexit
633 1708 697 1794 (ita
735 1728 811 1779 van
850 1708 914 1779 der
952 1708 1015 1778 Vh
1017 1710 1065 1798 et,
1099 1707 1348 1797 conspexerit,
1376 1706 1548 1792 codices)

469 1856 659 1945 speciosae
677 1854 819 1926 formae
827 1857 1020 1948 juvenem,
1037 1857 1238 1928 venustate
1252 1855 1333 1927 eius
1348 1855 1549 1926 sumitur.”

469 2003 590 2075 Plaut.
642 2002 776 2074 Pseud.
828 2003 940 2074 1288:
992 2003 1115 2095 „hunc
1163 2002 1264 2074 diem
1310 2003 1550 2093 sumpsimus

468 2151 707 2245 prothymc.’'
747 2150 848 2223 Oonf.
890 2151 995 2239 Trag.
1023 2151 1092 2221 inc.
1120 2148 1190 2221 fab.
1218 2151 1251 2222 8.

519 2299 689 2370 Verbum
718 2295 944 2391 „inspicere”
971 2297 1070 2387 apud
1095 2297 1303 2388 Apuleium
1316 2287 1354 2368 et
1368 2296 1550 2369 Plautum

470 2446 570 2518 solos
604 2445 766 2517 occurrit
799 2445 943 2516 dictum
969 2445 1014 2516 dc
1040 2444 1275 2516 medicorum
1300 2444 1477 2516 examine
1503 2445 1551 2516 ad

470 2594 703 2664 curationem
729 2593 959 2684 necessario;
987 2593 1079 2664 haec
1099 2592 1204 2663 notio
1219 2591 1362 2682 optime
1375 2592 1551 2682 perspici-

468 2745 532 2812 tur
570 2761 617 2812 ex
652 2740 790 2831 Apulei
824 2741 950 2811 verbis
985 2740 1080 2831 apol.
1116 2740 1182 2811 51:
1225 2740 1361 2833 „igitur
1387 2759 1477 2811 cum
1503 2739 1550 2811 ad

471 2889 752 2980 inspiciundum
792 2888 928 2959 mulier
966 2907 1076 2978 aegra
1114 2888 1319 2959 curationis
1357 2888 1478 2977 gratia
1505 2888 1551 2959 ad

471 3057 532 3109 me
558 3037 739 3127 perducta
765 3036 814 3107 sit
839 3034 950 3126 e.q.s'’
977 3034 1164 3125 Compara
1188 3035 1310 3105 Plaut.
1338 3034 1439 3106 Pers.
1456 3034 1547 3106 316:

473 3185 678 3279 „inspicere
704 3185 881 3256 morbum
907 3187 1015 3254 tuom
1041 3183 1178 3254 lubet.’'

520 3329 632 3423 Apul.
664 3331 760 3422 apol.
791 3331 853 3401 15:
884 3332 1124 3423 „procuraret
1149 3349 1197 3401 ne
1222 3329 1446 3419 dignitatern
1473 3349 1548 3401 cor-

470 3479 572 3570 poris
611 3478 721 3550 melis
759 3478 928 3549 moribus
963 3476 1234 3549 dedecoraret.’'
1286 3475 1389 3548 Oons.
1424 3475 1546 3548 Plaut.

470 3624 643 3696 Bacchid.
683 3625 773 3695 498:
817 3623 903 3717 „qui
942 3623 1139 3695 dedecorat
1172 3626 1210 3695 te
1243 3643 1306 3694 me
1332 3624 1549 3714 amicosque
1582 3721 1583 3726 Ἰ

472 3773 565 3845 12211
603 3773 753 3862 flagitiis
789 3771 901 3842 suis”
948 3770 1046 3841 Trin.
1084 3771 1175 3841 299:
1218 3771 1334 3864 „nihil
1360 3791 1427 3861 ego
1454 3771 1548 3843 istos

472 3941 599 3994 moror
621 3921 768 3992 faeceos
793 3938 929 4012 mores,
957 3920 1137 4011 turbidos,
1166 3919 1302 4009 quibus
1327 3920 1417 3991 boni
1443 3920 1547 3991 dede-

472 4072 602 4141 corant
627 4072 701 4140 se.''

522 4233 727 4309 „usurpare
761 4213 901 4286 oculis''
936 4213 1049 4305 Apul.
1078 4213 1111 4284 d.
1139 4214 1173 4285 d.
1201 4213 1301 4286 Socr.
1329 4214 1395 4284 2οῑ
1426 4214 1547 4306 „quod

472 4364 647 4454 equidem
681 4363 840 4435 arbitror
875 4381 952 4433 non
978 4361 1091 4432 modo
1118 4361 1271 4432 auribus
1297 4380 1385 4432 eum
1413 4379 1547 4431 verum

472 4512 588 4584 etiam
628 4510 745 4583 oculis
784 4510 890 4600 signa
928 4509 1123 4581 daemonis
1162 4509 1220 4580 sui
1260 4516 1484 4598 usurpasse”
1510 4511 1548 4579 et
