3590 5734
755 728 797 792 73

236 971 295 1055 32)
321 972 360 1041 et
385 969 496 1041 lilerc.
526 967 606 1060 737,
622 967 716 1040 Rud.
735 966 828 1039 1018
845 964 1086 1059 „sequestro”
1101 964 1311 1053 (Dativum)

235 1117 342 1204 (conf.
369 1116 518 1187 Patron.
549 1115 603 1186 15.
631 1115 671 1185 4:
703 1113 955 1205 ,sequestri).”

285 1265 416 1337 Unum
449 1264 602 1334 tantum
636 1261 933 1372 substantivum,¹
967 1260 1013 1332 de
1046 1279 1120 1351 quo
1154 1279 1312 1350 agamus

235 1430 389 1483 necesse
414 1412 482 1502 est,
505 1412 624 1481 restat
664 1408 868 1502 „Schema”
896 1409 998 1480 enim
1025 1408 1123 1479 inter
1148 1426 1311 1479 eavoca-

234 1559 323 1631 bula
348 1561 417 1650 est,
446 1577 551 1648 quae,
579 1576 811 1647 quamquam
838 1557 883 1626 de
905 1556 1023 1646 stirpe
1036 1556 1075 1627 in
1088 1555 1213 1626 littera
1228 1574 1311 1627 con-

236 1707 386 1779 sonanti
413 1706 606 1778 desinente
633 1704 863 1795 derivantur,
878 1708 1008 1775 tamen
1022 1703 1311 1776 declinationem

236 1855 575 1946 substantivorum,
611 1873 773 1944 quorum
808 1852 943 1924 ultima
974 1853 1081 1924 radix
1108 1874 1130 1922 o
1153 1855 1222 1945 est,
1260 1872 1312 1925 se·

236 2004 414 2093 quuntur.
467 2001 599 2092 ltaque
645 2001 744 2092 apud
783 2000 990 2091 Apuleium
1027 2002 1154 2072 exstat
1190 1999 1312 2072 forma

238 2146 448 2243 „schemis”
488 2148 587 2235 (Met.
616 2147 682 2219 IV.
711 2149 768 2220 20.
795 2148 830 2233 4)
857 2147 991 2221 Confer
1016 2148 1141 2220 Plauti
1166 2147 1309 2238 Amph.

120 2383 126 2400 .
239 2297 318 2389 117,
348 2295 547 2387 „schema”
576 2295 834 2388 (Ablativum),
861 2295 962 2367 Pers
991 2295 1062 2366 463
1090 2296 1311 2383 (schemam)

236 2442 458 2516 Genitivum
499 2443 719 2537 „schemae”
747 2443 860 2514 habet
886 2443 987 2514 Suet.
1018 2443 1097 2535 Tib,
1126 2443 1183 2535 43,
1210 2444 1311 2514 sche-

236 2611 319 2662 mas
344 2591 485 2663 Petron
511 2590 568 2662 44.
596 2593 628 2662 8.

235 2740 289 2811 De
312 2739 507 2830 adjectivis
528 2739 620 2810 haec
641 2738 716 2810 fere
742 2741 842 2830 sunt,
870 2757 964 2829 quae
989 2739 1111 2810 notari
1138 2742 1309 2830 possunt.

235 2887 289 2959 De
339 2886 586 2958 nominativis
640 2882 861 2978 „opiparus”
909 2885 1046 2976 (prima
1088 2884 1210 2957 forma
1253 2888 1311 2958 est

235 3035 422 3125 opiparis),
452 3030 675 3126 „mansues”
690 3031 802 3122 (quod
817 3051 905 3102 cum
920 3031 1037 3103 altera
1049 3031 1170 3104 forma
1186 3052 1311 3126 „man-

236 3181 391 3254 suetus”
427 3182 671 3271 conjunctum
706 3179 842 3270 legitur
874 3180 988 3270 Apul.
1024 3181 1111 3252 Met.
1139 3180 1225 3253 VH.
1252 3182 1309 3252 23.

236 3331 293 3422 23,
329 3329 534 3419 separatim
569 3327 637 3399 Xl.
664 3329 697 3399 8.
728 3327 784 3413 10)
826 3327 1006 3420 „perpes”
1033 3327 1152 3400 forma
1179 3329 1310 3400 discre-

235 3496 329 3566 pans
368 3476 414 3547 ab
453 3474 637 3565 adjectivo
660 3474 910 3547 usitatissimo
935 3475 1198 3568 „perpetuus'’)
1224 3475 1311 3548 vide

235 3642 349 3713 supra
375 3622 496 3713 capite
520 3621 643 3712 primo
669 3621 854 3711 adjectiva
879 3625 1109 3695 enumerata.

285 3771 388 3842 inter
407 3769 548 3841 formas
573 3769 759 3859 graduum
788 3770 1081 3860 comparationis
1106 3771 1176 3842 has
1202 3772 1311 3844 adno-

235 3919 404 3990 tavimus
417 3918 489 3988 nisi
503 3918 542 3989 in
556 3917 702 3988 duobus
717 3918 971 4009 scriptoribus,
996 3919 1133 4008 quibus
1146 3939 1216 3992 nos
1229 3939 1311 4011 ope-

235 4086 317 4138 ram
335 4065 481 4157 damus,
506 4065 660 4136 omuino
675 4085 752 4136 non
766 4069 1015 4158 occurrentes
1031 4068 1166 4157 quibus
1180 4069 1310 4140 statim

235 4211 501 4284 adverbiorum
526 4212 654 4283 minus
681 4213 841 4284 usitatas
867 4213 1008 4285 formas
1034 4215 1310 4304 subjungimus.

235 4361 406 4452 glabrior.
442 4359 556 4449 Apul.
584 4360 671 4431 Met.
702 4359 746 4428 V.
775 4360 808 4432 9.
836 4361 893 4451 26,
922 4365 969 4447 (v.
998 4362 1032 4432 d.
1061 4362 1164 4434 Vliet
1190 4363 1228 4434 in
1242 4382 1311 4436 sua

283 4509 446 4580 editione
484 4508 650 4579 restituit
691 4507 952 4601 „calviorem”
988 4508 1053 4581 sed
1079 4512 1236 4581 annotat
1264 4510 1310 4582 ad
