3516 5730
953 698 1015 761 104

446 935 532 1006 Mei.
560 934 665 1006 Vlll.
694 936 751 1006 22.
777 936 834 1028 23,
853 955 959 1029 „mea
972 935 1192 1029 mellitula',
1207 939 1251 1008 ut
1263 936 1422 1008 Plautus
1437 935 1519 1009 Cas.

449 1083 517 1154 135
538 1083 619 1173 jam
643 1083 791 1154 dixerat
824 1103 931 1176 „mea
956 1084 1143 1156 mellilla.’'
1195 1085 1382 1176 Apulejus
1407 1084 1518 1176 Apol.

445 1230 486 1300 9:
516 1249 669 1322 „meum
696 1229 805 1301 mel.''

493 1375 652 1447 Plautus
689 1377 840 1468 saepius
878 1395 971 1448 usus
1008 1380 1088 1448 erat
1120 1377 1251 1450 avium
1285 1377 1521 1468 aliorumque

444 1524 668 1614 pusillorum
707 1523 928 1595 animalium
966 1524 1193 1616 nominibus
1233 1528 1276 1596 ut
1310 1525 1355 1596 iis
1381 1525 1520 1596 blaudi·

444 1671 584 1742 meniis
609 1673 781 1742 amantes
806 1671 903 1741 iuter
917 1690 957 1742 se
971 1670 1212 1761 appellarent.
1240 1672 1390 1743 Bonum
1405 1672 1519 1744 huius

443 1819 560 1890 moris
586 1818 806 1909 exemplum
832 1821 958 1890 exstat
987 1819 1025 1889 in
1051 1818 1175 1890 Plauti
1190 1817 1271 1891 666.
1290 1820 1359 1890 138
1388 1839 1519 1912 „meus

444 1967 569 2059 pullus
594 1987 734 2060 passer,
761 1987 847 2040 mea
872 1966 1056 2058 columba,
1084 1967 1137 2037 mi
1162 1967 1304 2059 lepus'',

444 2119 481 2187 ei
506 2116 545 2187 16
571 2115 678 2187 Asin.
707 2116 778 2187 666
805 2134 893 2206 sqq:

446 2263 527 2356 „die
552 2283 613 2334 me
639 2263 753 2352 igitur
778 2267 886 2334 luem
908 2262 1179 2354 passerculum,
1195 2261 1383 2354 gallinam,
1399 2266 1519 2334 cotur-

493 2410 616 2482 uicem

443 2557 644 2650 agnellum,
657 2558 863 2630 haedillum
878 2577 940 2629 me
952 2560 1061 2628 luem
1074 2557 1133 2628 die
1145 2576 1227 2629 esse
1238 2557 1297 2629 vel
1309 2557 1518 2629 vitellum.’'

443 2708 481 2777 et
511 2705 600 2776 694:
628 2704 696 2776 Die
722 2703 836 2794 igitur
857 2704 944 2775 med
970 2703 1189 2775 6616661661
1216 2703 1431 2776 columbam
1457 2705 1518 2777 vel

492 2851 669 2924 catellum

442 3000 695 3092 hirundinem,
722 2998 970 3089 mouerulam‚
998 2999 1259 3089 passerculum
1285 3000 1476 3091 putillum.

492 3148 676 3219 Videmus
701 3149 882 3238 quautam
908 3146 1039 3217 talium
1069 3146 1341 3248 vocabulorum
1367 3149 1515 3238 copiam

442 3296 627 3388 Apuleius
652 3296 849 3388 invenerit,
877 3295 1423 3386 666666666111161.Χ.22.2;
1455 3298 1517 3390 „in

443 3464 596 3516 summa
620 3446 730 3515 teneo
756 3442 940 3533 teiuquit‚
969 3446 1079 3514 teneo
1094 3462 1224 3514 meum
1239 3442 1514 3536 palumbulum

442 3611 570 3663 meum
598 3589 826 3681 passerem.'’
853 3589 979 3679 Huius
1005 3589 1215 3680 palumbuli
1229 3590 1344 3661 etiam
1358 3591 1515 3663 Plautus

442 3738 659 3828 exemplum
687 3736 789 3808 dedii
813 3735 987 3807 Baeehid.
1016 3736 1073 3807 51.

491 3886 594 3958 Voee
622 3883 792 3978 „pullus”
816 3882 1001 3974 Apuleius
1016 3902 1164 3973 quoque
1178 3883 1292 3955 habet
1306 3884 1392 3956 Mei.
1408 3883 1513 3962 VIII.

442 4035 499 4104 26.
535 4033 599 4103 26ῑ
643 4032 769 4125 „heus
805 4030 922 4121 61661,
950 4049 1041 4100 eave
1068 4049 1115 4101 ue
1141 4029 1244 4101 solus
1270 4030 1407 4102 exedas
1433 4033 1524 4133 lam

439 4182 580 4254 bellum
606 4180 748 4252 seilicet
773 4175 942 4270 pullum''
971 4175 1222 4249 donimani.
1251 4175 1332 4249 Cas.
1363 4178 1443 4249 138.

488 4329 559 4401 Sed
599 4348 641 4400 ea
681 4327 877 4418 sufficiant,
913 4326 1234 4416 transgrediamur
1260 4327 1306 4398 ad
1332 4326 1512 4417 convicia,

437 4498 600 4570 quorum
626 4477 742 4549 eliam
768 4476 887 4548 maior
913 4477 971 4578 esi
998 4495 1190 4547 uumerus.
