3590 5734
792 726 811 787 5

267 963 404 1053 omnia,
445 982 540 1052 quae
582 965 648 1034 aut
683 962 736 1032 ita
762 964 938 1052 corrupta
963 968 1079 1053 erant,
1107 965 1150 1034 ut
1175 962 1340 1053 intellegi

266 1110 466 1200 nequirent
503 1112 569 1182 aut
600 1110 776 1200 quamvis
801 1109 946 1198 integra
971 1111 1099 1182 minus
1124 1111 1264 1182 usitata
1290 1111 1341 1181 vi-

268 1258 454 1349 derentur,
478 1256 602 1328 Plauti
618 1257 841 1328 auctoritate
855 1257 927 1328 nisi
941 1259 1090 1328 mutare
1105 1260 1340 1329 conarentur.

318 1405 460 1497 Operae
497 1405 660 1497 pretium
701 1423 777 1475 non
815 1407 873 1476 est
911 1405 972 1475 hic
1010 1405 1193 1476 ascribere
1229 1405 1341 1497 locos

267 1555 332 1627 ubi
356 1555 429 1624 viri
455 1553 565 1644 docti,
589 1553 733 1643 decepti
752 1553 869 1623 nimia
883 1552 946 1624 illa
960 1552 1165 1643 cupiditate
1179 1555 1344 1626 novandi

269 1706 307 1774 et
332 1702 460 1774 omnia
484 1702 532 1772 ad
557 1701 681 1772 Plauti
707 1701 840 1772 stilum
866 1700 1106 1791 immutandi,
1134 1700 1228 1791 lapsi
1254 1701 1341 1772 sint.

270 1849 341 1920 Sed
386 1848 566 1920 Plautum
612 1849 772 1940 saepius,
833 1849 895 1919 ubi
948 1848 1094 1920 codices
1143 1849 1344 1940 Apuleiani

269 1997 474 2068 scribarum
516 2015 632 2066 manu
658 1996 825 2086 corrupti
861 1999 997 2086 essent,
1026 1996 1235 2068 remedium
1262 1997 1344 2068 sub·

271 2145 516 2236 ministrasse,
535 2144 635 2215 unde
649 2142 833 2234 Apuleius
847 2143 973 2214 sanior
987 2143 1171 2233 evaderet,
1186 2163 1345 2216 necnon

270 2291 333 2363 ubi
347 2291 462 2362 verba
487 2310 586 2362 nova
607 2294 672 2362 aut
686 2289 853 2362 obsoleta
868 2289 1122 2380 suspicionem
1135 2294 1343 2383 moverent,

270 2439 470 2511 lectionem
515 2437 686 2508 firmasse
725 2439 763 2508 et
797 2439 939 2508 certam
976 2437 1192 2528 reddidisse,
1230 2438 1345 2508 nemi-

270 2605 369 2678 nem,
411 2585 475 2676 qui
508 2585 547 2656 in
583 2584 719 2676 Apulei
746 2584 896 2675 scriptis
922 2582 1047 2674 paullo
1074 2584 1258 2655 versatior
1284 2583 1334 2655 sit

271 2734 442 2824 ignorare
467 2736 570 2824 puto.

320 2881 420 2968 Quae
446 2898 535 2949 cum
560 2879 612 2950 ita
638 2879 724 2969 sint,
752 2880 861 2950 credo
876 2899 1041 2971 operam,
1058 2899 1173 2970 quam
1188 2880 1345 2950 daturus

272 3048 369 3119 sum,
397 3047 474 3099 non
501 3027 612 3118 plane
638 3027 811 3098 inutilem
829 3027 917 3119 fore,
933 3028 964 3099 si
979 3027 1105 3118 paullo
1120 3028 1344 3120 diligentius,

274 3195 388 3266 quam
414 3175 537 3246 adhuc
563 3173 705 3245 factum
729 3173 1043 3266 estquaesivero,
1059 3174 1148 3266 quid
1162 3174 1347 3266 Apuleius

273 3343 321 3395 ex
346 3322 470 3394 Plauti
495 3321 630 3394 fabulis
657 3322 944 3413 deprompserit.

323 3470 442 3541 Multa
468 3470 620 3559 quidem
645 3470 715 3540 hac
742 3470 780 3539 in
806 3469 1075 3560 perquisitione
1102 3471 1244 3541 incerta
1265 3490 1347 3542 esse

275 3638 351 3689 non
388 3636 484 3708 opus
522 3619 580 3688 est
617 3635 782 3687 monere.
835 3614 997 3704 Quidni?
1035 3616 1074 3685 in
1106 3615 1242 3687 litteris
1266 3619 1347 3688 tam

274 3764 490 3857 imperfecte
529 3767 566 3835 ot
606 3763 741 3834 vitiose
775 3763 933 3834 traditis.
986 3762 1180 3834 Permulta
1204 3764 1244 3835 in
1269 3765 1348 3835 imi-

273 3915 456 3986 tationem
494 3912 618 3984 Plauti
657 3911 797 4001 scripta
831 3929 914 3981 esse
939 3910 1224 4004 affirmabimus,
1252 3932 1347 4003 quae

274 4083 322 4134 ex
349 4061 508 4132 aliorum
535 4059 747 4150 priscorum
774 4058 1013 4149 scriptorum,
1042 4077 1202 4148 quorum
1234 4079 1348 4150 opera

273 4210 416 4282 invidia
440 4208 624 4298 temporis
650 4207 696 4277 ad
722 4224 792 4276 nos
818 4205 1014 4295 pervenire
1040 4225 1115 4276 non
1130 4205 1230 4297 sivit,
1246 4206 1347 4277 fonte

273 4358 432 4430 fortasse
468 4356 730 4426 manaverunt.
780 4353 862 4424 Hoc
889 4353 1001 4442 igitur
1026 4354 1347 4443 praemittendum

276 4526 296 4577 e
323 4525 363 4576 re
389 4523 533 4576 censeo.
582 4503 820 4591 Quamquam
846 4501 1014 4590 quaestio
1040 4501 1148 4572 nobis
1174 4501 1348 4592 inprimis
