3516 5730
971 715 1035 779 134

464 925 495 980 et
521 925 652 979 balsama
679 939 783 979 rorans
808 925 890 978 calva
917 925 1101 995 processerit,
1129 925 1242 993 placere
1270 941 1331 981 non
1355 929 1464 996 poterii
1490 943 1544 984 nec

464 1045 595 1100 Vulcano
617 1059 682 1100 sue.

498 1167 565 1234 post
587 1166 724 1237 „rorans”
743 1167 841 1222 insere
863 1166 930 1237 „si'’.

976 1349 1033 1415 IV.

500 1534 588 1602 Apul.
607 1534 675 1589 Met.
694 1534 744 1589 IV.
763 1549 826 1603 pag.
846 1536 889 1590 70.
908 1535 957 1590 28:

501 1657 600 1710 certus
627 1656 716 1723 atque
744 1655 911 1710 obstinatus
940 1656 1028 1710 nullis
1057 1656 1226 1711 verberibus
1253 1657 1289 1711 ad
1314 1656 1543 1724 ingrediundum

465 1792 634 1848 exsurgere,
652 1779 743 1833 immo
762 1778 851 1833 eiiam
870 1779 991 1847 paratus
1010 1793 1069 1833 non
1088 1778 1160 1832 fusti
1178 1779 1298 1832 lantum
1314 1778 1474 1844 [resislere]
1491 1779 1543 1832 sed

466 1902 525 1966 [ne]
545 1899 699 1954 machaera
716 1898 866 1967 perfossus
884 1900 1063 1953 occumbere.

501 2020 594 2088 Lege:
622 2019 713 2074 immo
740 2019 830 2073 etiam
858 2019 978 2087 paratus
1007 2033 1067 2074 non
1086 2017 1158 2073 susti
1178 2019 1229 2073 sed
1249 2019 1368 2073 lantum
1388 2018 1543 2074 machaera

465 2139 616 2208 perfossus
634 2139 813 2194 occumbere.

984 2321 1026 2386 V.

501 2509 588 2577 Apul.
607 2508 675 2564 Mei.
693 2508 744 2564 IV.
763 2523 826 2578 pag.
845 2508 889 2564 93.
910 2509 939 2562 1;

502 2630 548 2688 dei
560 2630 664 2684 milesii
674 2630 912 2685 vetustissimum
923 2629 1114 2697 percontatur
1123 2630 1274 2684 oraculum
1285 2630 1316 2685 ei
1324 2630 1409 2684 tenio
1420 2629 1542 2684 numine

466 2750 599 2818 precibus
628 2752 659 2806 ei
687 2749 813 2804 victimis
843 2749 1020 2818 [propitiato]
1048 2750 1180 2818 ingratae
1205 2749 1310 2817 virgini
1328 2749 1402 2818 petii
1422 2750 1542 2817 nuptias

466 2872 497 2925 ei
515 2870 664 2926 maritum.

502 2992 571 3047 Dele
591 2991 765 3058 [propitiato]
786 2995 817 3045 ei
835 2992 905 3045 ante
926 2991 1044 3061 „tanto”
1063 2992 1160 3046 insere
1180 2990 1239 3061 „a”.

974 3177 1031 3240 Vl.

500 3337 587 3405 Apul.
607 3337 675 3391 Mei.
694 3337 728 3392 V.
747 3352 812 3405 pag.
830 3339 873 3392 96.
893 3339 944 3392 25:

501 3473 564 3526 noe,
592 3473 717 3525 quarum
745 3473 831 3513 voces
858 3458 971 3528 accipie,
1000 3460 1069 3514 luae
1088 3459 1212 3514 familiae
1232 3461 1332 3516 sedulo
1352 3461 1403 3515 libi
1422 3463 1543 3529 praemi·

465 3580 645 3635 nistrabibus
664 3594 718 3634 nec
736 3580 864 3647 corporis
883 3581 1001 3634 curatae
1020 3580 1071 3633 tibi
1090 3580 1202 3647 regales
1221 3580 1324 3648 epulae
1339 3583 1544 3638 morabuntur.

500 3715 552 3768 pro
572 3700 724 3770 „curatae”
743 3701 928 3755 scribendum
949 3699 1144 3770 ,‚cu1·aacia''.

966 3872 1039 3936 Vll.

501 4031 588 4099 Apul.
606 4031 673 4086 Mel.
692 4031 726 4086 V.
746 4047 810 4100 pag.
830 4033 889 4088 118.
908 4034 943 4087 9:

501 4152 569 4219 quid
587 4153 653 4220 tale,
679 4152 804 4221 domina,
824 4153 946 4220 deliquii
964 4154 1036 4207 tuus
1056 4153 1142 4222 illiue,
1161 4155 1196 4208 ui
1215 4154 1313 4209 animo
1332 4155 1474 4223 pervicaci
1494 4171 1542 4211 vo-

464 4273 595 4340 luptates
618 4272 696 4326 illius
720 4273 877 4341 impugnes
897 4275 928 4328 et
947 4287 1035 4340 quam
1055 4274 1102 4328 ille
1122 4274 1213 4342 diligit
1231 4275 1265 4329 iu
1285 4289 1400 4342 quoque
1418 4275 1541 4343 perdere

465 4394 583 4461 gestias.

501 4529 608 4569 sensus
627 4513 830 4568 restituendus
850 4515 897 4568 esa
916 4515 1081 4569 scribendo:
1102 4529 1234 4584 „quoquo
1253 4515 1365 4583 paclo”.
