3590 5734
757 1585 921 1660 CAPUT
947 1586 1231 1661 SECUNDUM.

456 1827 610 1882 vocabula
636 1827 751 1900 Apulei,
774 1843 900 1894 quorum
920 1829 1018 1884 torma
1037 1829 1180 1896 princeps
1200 1828 1245 1884 vel
1266 1828 1326 1884 alla
1343 1828 1441 1884 torma
1462 1827 1532 1883 inde

740 1948 871 2004 derivata
888 1948 970 2016 apud
994 1950 1130 2005 Plautum
1151 1952 1253 2007 exstat.

917 2173 1076 2181 ——-

509 2428 695 2501 Omnibus
740 2427 854 2519 igitur
899 2428 1066 2500 collectis
1111 2429 1315 2522 vocabulis
1355 2449 1451 2521 quae
1489 2431 1535 2502 ab

459 2575 621 2666 Apuleio
667 2577 850 2666 usurpata
895 2575 1020 2647 Plauti
1066 2576 1318 2649 imitationem
1356 2577 1534 2671 indicant,

460 2741 537 2794 non
570 2725 701 2796 tamen
736 2723 874 2815 omnia,
910 2742 1005 2814 quae
1031 2743 1080 2796 ex
1105 2726 1235 2797 nostro
1261 2725 1429 2815 indagari
1455 2745 1536 2816 pos-

461 2872 551 2942 sunt
575 2870 699 2961 prisca
723 2872 761 2942 et
786 2870 953 2942 obsoleta
979 2871 1190 2962 conquisita
1214 2875 1314 2945 sunt.

511 3017 643 3088 Restat
669 3017 708 3087 in
733 3017 895 3108 Apuleio
921 3017 1019 3090 bona
1044 3038 1132 3109 pars
1153 3018 1435 3112 vocabulorum,
1451 3039 1538 3110 quo-

462 3183 549 3234 rum
574 3161 695 3234 forma
719 3162 828 3235 nobis
853 3184 953 3236 nova
978 3167 1017 3236 et
1042 3165 1211 3238 inaudita
1236 3166 1437 3259 videretur,
1464 3167 1538 3238 nisi

463 3309 587 3401 prima
619 3309 740 3382 forma
773 3311 893 3384 aliave
929 3312 1015 3384 inde
1045 3313 1215 3384 derivata
1239 3313 1278 3385 in
1303 3313 1437 3386 Plauto
1462 3333 1540 3385 non

463 3457 644 3529 inusitata
677 3458 845 3532 firmaret
878 3461 1088 3552 antiquitus
1122 3481 1166 3534 ea
1196 3462 1379 3535 vocabula
1404 3462 1442 3533 in
1468 3482 1541 3534 usu

464 3604 589 3677 fuisse.

514 3753 612 3843 Ergo
647 3751 685 3822 id
711 3750 859 3841 egimus
884 3750 923 3820 in
948 3751 1115 3822 secunda
1139 3754 1291 3823 nostrae
1317 3749 1544 3822 dissertatio·

465 3901 524 3972 nis
562 3902 679 3991 parte,
720 3901 763 3969 ut
802 3897 930 3969 omnia
964 3917 1007 3968 ea
1041 3898 1226 3970 vocabula
1259 3898 1470 3989 Apuleiana
1504 3897 1544 3968 in

467 4067 588 4119 unum
615 4044 879 4135 conferremus,
908 4062 1070 4134 quorum
1097 4044 1240 4117 formae
1266 4048 1446 4135 cognatae
1463 4044 1546 4135 iam

467 4194 601 4286 priscis
634 4191 870 4282 temporibus
904 4192 970 4264 aut
1005 4191 1044 4262 in
1078 4211 1154 4264 uno
1188 4192 1323 4264 Plauto
1351 4194 1418 4264 aut
1443 4194 1481 4264 et
1507 4192 1549 4263 in

468 4340 531 4412 illo
566 4341 678 4431 poeta
711 4336 855 4410 cornico
890 4338 928 4407 et
961 4337 1000 4407 in
1035 4337 1118 4409 aliis
1143 4337 1334 4410 veteribus
1360 4337 1548 4428 scriptori-

468 4489 539 4560 bus
565 4485 864 4557 inveniebantur.
