3516 5730
709 685 773 750 125

205 924 356 1012 pentem
394 921 567 1013 amplexa
607 921 766 996 detersis
799 924 887 994 ante
912 921 1113 994 lacrimis.'’
1154 921 1277 994 Plaut.

206 1069 297 1142 Rud.
324 1069 416 1141 695:
444 1089 549 1140 aram
576 1068 838 1160 amplexantes
852 1069 950 1141 hanc
962 1072 1069 1140 tuam
1084 1069 1279 1141 lacriman-

206 1219 262 1288 tes
287 1216 446 1306 genibus
470 1215 618 1288 nixae.'’

256 1363 536 1454 „Supplicium”
572 1364 619 1435 ab
644 1366 805 1453 utroque
830 1365 960 1436 nestro
987 1366 1193 1454 usurpatur
1217 1381 1279 1434 no·

206 1513 306 1584 tione
336 1509 481 1605 ,‚d0ni”‚
509 1512 622 1602 Apul.
651 1511 739 1584 Met.
765 1509 833 1584 XI.
852 1511 907 1582 16.
924 1511 988 1582 2οε
1020 1513 1132 1598 „tunc
1154 1509 1280 1582 cuncti

207 1660 334 1752 populi
355 1663 435 1732 tarn
459 1659 621 1750 religiosi
644 1678 758 1750 quarn
780 1657 926 1749 profani
951 1675 1098 1730 vannos
1124 1657 1281 1730 onustas

206 1807 386 1880 aromatis
424 1810 463 1880 et
496 1806 752 1880 cuiuscemodi
777 1805 973 1897 suppliciis
998 1803 1171 1878 certatim
1197 1823 1280 1878 con·

205 1954 374 2046 ger·unt.’'
399 1955 520 2027 Plaut.
536 1955 642 2046 Epid.
660 1955 749 2026 724:
776 1954 1020 2048 „Numquam
1033 1952 1157 2026 hercle
1169 1951 1281 2026 hodie

206 2103 277 2174 nisi
303 2102 534 2193 supplicium
560 2102 655 2175 mihi
677 2101 766 2174 das''

257 2252 409 2343 „tantus
433 2247 550 2324 natu'’
578 2249 741 2322 occurrit
761 2249 862 2340 apud
875 2248 1082 2340 Apuleium
1095 2248 1205 2340 Apol.
1224 2247 1280 2341 10,

209 2401 294 2469 ante
333 2417 421 2470 eum
460 2417 554 2470 usus
591 2400 672 2469 erat
709 2397 868 2469 Plautus
905 2397 1079 2469 Bacchid.
1114 2397 1195 2468 124.

259 2545 320 2638 „in
345 2542 539 2616 medium'
567 2543 720 2635 ponitur
746 2563 814 2635 pro
842 2544 904 2636 „in
930 2541 1127 2634 apertum''
1167 2542 1281 2634 Apul.

210 2693 293 2764 Met.
308 2693 357 2763 X.
376 2691 431 2764 12.
450 2690 513 2762 14;
540 2692 600 2785 „in
626 2691 796 2764 medium
822 2691 990 2781 procedit
1003 2691 1105 2764 nuda
1117 2689 1281 2764 veritas”

213 2839 311 2914 Gens.
339 2839 460 2912 Plaut.
500 2838 642 2930 Amph.
680 2839 770 2911 223:
809 2838 965 2930 „deinde
994 2837 1143 2928 utrique
1168 2838 1282 2929 impe·

211 2989 351 3060 ratores
376 2987 416 3058 in
442 2986 612 3058 medium
638 2984 814 3057 exeunt.''

261 3153 346 3226 „aes
371 3133 416 3204 de
443 3132 543 3204 male
569 3132 728 3204 habere''
756 3132 886 3204 scribit
911 3132 1097 3223 Apuleius
1111 3132 1198 3206 Met.
1213 3132 1281 3205 IX.

214 3280 243 3350 7.
272 3280 327 3352 10.
379 3279 500 3351 Plaut.
528 3280 637 3350 Most.
670 3279 760 3351 863:
791 3278 954 3372 „faciunt
979 3279 1024 3350 de
1049 3279 1150 3351 malo
1176 3298 1283 3370 pecu·

213 3426 314 3520 lium,
343 3428 442 3518 quod
468 3429 661 3517 nequeunt
687 3426 732 3497 de
757 3425 890 3498 b0n0.”

261 3573 394 3663 „fidem
432 3573 604 3646 arbitrari
642 3571 787 3645 alicui.'·'
828 3573 940 3664 Apul.
980 3573 1076 3664 apol.
1105 3571 1171 3644 51:
1201 3573 1285 3666 „cui

214 3740 277 3811 ege
313 3722 427 3794 fidem
465 3722 716 3794 arbitratus...
756 3721 1047 3812 haudquaquam
1083 3720 1213 3794 videor
1238 3722 1284 3793 de

214 3870 325 3942 nihilo
363 3869 642 3961 percontatus.’'
682 3868 776 3940 conf.
816 3868 938 3940 Plaut.
978 3868 1151 3940 Bacchid.
1192 3869 1283 3942 570:

216 4018 265 4109 „si
291 4017 416 4108 pergis
442 4035 602 4106 parvam
628 4015 723 4086 mihi
748 4015 862 4086 iidem
888 4015 1136 4086 arbitrarier.''

262 4160 544 4258 „compescere”
580 4182 647 4252 pro
677 4162 958 4256 „compercere”
985 4162 1100 4253 (quod
1126 4162 1285 4234 Plautus

214 4310 324 4382 etiam
360 4312 518 4400 usurpat
543 4309 656 4381 Poen.
685 4309 767 4380 219.
795 4308 889 4380 conf.
917 4309 1029 4399 Turp.
1058 4307 1162 4380 Com.
1192 4307 1285 4392 145¹.)

216 4457 398 4549 Apuleius
423 4457 544 4528 utitur
570 4422 657 4528 Met.
685 4455 753 4528 IX.
773 4456 912 4527 36.12;
941 4475 1033 4549 „nec
1057 4454 1286 4546 fugientibus
