3516 5730
796 745 859 807 129

335 979 470 1052 Nonne
509 981 589 1052 veri
623 983 681 1053 est
707 980 830 1054 simile
855 980 1061 1072 Apuleium
1087 979 1142 1054 sie
1169 983 1363 1075 scripsisse

286 1148 374 1200 eum
428 1129 468 1200 in
518 1129 703 1202 memoria
752 1129 950 1202 haererent
1000 1130 1117 1202 verba
1166 1130 1363 1203 Tranionis

285 1276 418 1364 (Plaut.
456 1277 566 1350 Most.
593 1278 665 1349 687
692 1277 753 1368 Sq)
782 1277 879 1371 „huc
905 1297 1124 1350 concessero
1150 1277 1242 1350 dum
1268 1277 1363 1350 mihi

287 1428 464 1498 senatum
493 1425 624 1499 consili
651 1426 690 1498 in
715 1444 780 1498 eor
805 1434 995 1498 convoco”
1027 1425 1151 1497 etalii
1176 1425 1271 1497 tales
1291 1424 1363 1497 loci

284 1572 468 1666 Plautini,
520 1573 619 1646 inter
668 1591 762 1664 quos
808 1591 987 1665 compara
1032 1572 1138 1666 Epid.
1188 1573 1257 1646 159
1291 1573 1360 1667 sq,

284 1719 419 1793 Pseud.
448 1721 530 1792 572.

285 1865 399 1960 Apul.
438 1868 534 1959 apol.
564 1867 630 1939 85:
672 1871 733 1962 „at
758 1868 861 1939 enirn
886 1867 954 1939 tibi
982 1887 1004 1939 a
1028 1868 1104 1941 filio
1125 1869 1205 1959 jnm
1234 1868 1362 1940 adulto

335 2015 542 2087 aeerbiores
567 2034 718 2087 morsus
743 2014 890 2087 viventi
905 2017 942 2088 et
956 2015 1100 2087 videnti
1114 2013 1359 2088 offeruntur.'’

334 2162 427 2234 conf.
462 2161 584 2234 Plaut;
611 2162 721 2234 Most.
748 2163 820 2234 427
832 2181 839 2234 :
882 2163 1013 2255 „ludos
1039 2182 1107 2253 ego
1132 2162 1243 2236 hodie
1270 2164 1360 2236 vivo

333 2311 520 2401 praesenti
546 2309 609 2381 hie
633 2311 714 2382 seni
739 2308 909 2382 faeiam.'’

284 2455 395 2548 Apul.
422 2456 558 2528 Florid.
589 2457 652 2528 15:
683 2457 893 2550 „verbaque
921 2476 1016 2547 quae
1041 2458 1209 2530 volantia
1225 2461 1359 2548 poetae

333 2601 557 2694 appellant.”
608 2603 713 2676 Inter
752 2623 817 2676 eos
854 2606 996 2695 poetas,
1025 2623 1120 2695 quos
1146 2623 1216 2676 nos
1243 2605 1360 2676 etiarn

332 2769 431 2822 nune
466 2750 660 2844 habemus,
688 2749 846 2823 Plautus
872 2751 1000 2824 scribit
1026 2751 1180 2843 (Amph.
1208 2753 1280 2824 325
1303 2759 1359 2843 sq)

337 2897 485 2986 „Mere.:
513 2897 601 2970 Vox
627 2898 680 2969 mi
693 2898 740 2969 ad
754 2917 863 2970 aures
877 2897 1079 2970 advolavit.
1095 2898 1194 2970 Sos:
1218 2895 1276 2972 Ne
1289 2918 1357 2989 ego

229 3063 231 3067 ’
333 3044 445 3117 horno
485 3045 614 3118 infelix
649 3045 712 3137 fui,
749 3045 813 3136 qui
838 3065 913 3118 non
941 3045 1019 3117 alas
1044 3045 1231 3118 intervelli
1257 3045 1359 3118 volu-

332 3209 432 3264 crem
458 3211 593 3265 vocem
618 3189 789 3284 gestit0.'’

282 3338 393 3430 Apul.
419 3340 555 3412 Florid.
586 3340 630 3411 16
656 3359 691 3430 p.
720 3341 777 3411 25.
806 3341 848 3413 8:
889 3339 1139 3432 „praefaseiue
1165 3340 1241 3425 (sie.
1268 3340 1297 3410 F
1324 3345 1357 3426 φ)

331 3487 512 3559 dixerirn’'
552 3487 664 3578 (quod
703 3487 803 3558 idern
842 3489 899 3559 est
937 3489 1050 3578 atque
1084 3487 1182 3600 absit
1216 3487 1359 3559 invidia

330 3635 455 3722 verbu)
489 3634 611 3706 Plaut.
638 3634 745 3705 Asin.
773 3634 863 3705 491:
894 3634 1133 3728 „praefiscine
1159 3634 1231 3706 hoc
1255 3653 1358 3706 nune

330 3782 523 3854 dixerim.'’
591 3875 596 3884 ι

284 3926 395 4020 Apul.
421 3929 558 4001 Florid.
586 3929 648 4000 18:
678 3928 793 4022 „nihil
808 3928 1358 4019 quicquamhominitampro-

334 4095 487 4167 sperum
518 4077 702 4148 divinitus
728 4077 861 4149 datum
888 4077 977 4167 quin
1003 4077 1037 4148 ei
1061 4078 1191 4147 tamen
1218 4075 1359 4148 admix-

329 4224 413 4294 tum
438 4224 488 4295 sit
513 4223 653 4314 aliquid
680 4222 920 4315 difficultatis
948 4225 992 4294 ut
1018 4223 1134 4294 etiarn
1155 4223 1194 4293 in
1208 4221 1357 4312 amplis-

331 4371 427 4444 sima
452 4391 599 4462 quaque
626 4371 769 4443 laetitia
794 4371 915 4443 subsit
941 4370 1141 4460 quaepiam
1163 4370 1224 4442 vel
1240 4389 1358 4460 parva

330 4519 563 4610 querimonia
585 4519 847 4610 conjugatione
861 4518 1025 4608 quadarn
1039 4517 1163 4589 mellis
1177 4520 1215 4588 et
1227 4515 1356 4588 fellis.''

1238 4637 1255 4690 9
