3590 5734
796 740 838 805 53

330 980 545 1071 conjectura
582 980 803 1052 restItutum
841 980 905 1051 diu
931 979 1058 1051 Iocum
1083 979 1207 1050 tenuit
1232 979 1353 1051 Plaut.

330 1128 406 1200 Mil.
434 1128 524 1218 glor.
555 1129 637 1199 693.
666 1125 814 1221 „piare”
838 1130 876 1199 et
901 1127 1058 1200 Plautus
1084 1127 1203 1198 utitur
1229 1127 1294 1198 sed
1320 1130 1359 1198 et

331 1276 393 1348 alii
421 1276 587 1367 optimae
613 1277 725 1347 notae
740 1276 912 1347 auctores
926 1276 1122 1365 usurpant.
1149 1274 1256 1346 Asin.
1272 1275 1355 1347 506.

281 1423 478 1516 posticula.
497 1422 610 1514 Apul.
628 1422 716 1493 Met.
733 1420 780 1493 ΙΙ.
796 1422 854 1492 23.
870 1421 927 1492 24.
946 1420 1220 1513 „posticulum”
1235 1421 1355 1494 Plaut.

331 1570 432 1643 Trin.
463 1570 542 1661 194,
574 1569 677 1642 1185.

284 1720 451 1810 potatus.
466 1717 579 1808 Apul.
594 1717 681 1789 Met.
696 1716 781 1789 VII.
800 1717 855 1788 10.
871 1716 929 1788 29.
944 1720 1092 1808 praeter
1104 1718 1176 1789 hoc
1187 1719 1356 1810 verbum,

332 1884 406 1955 quo
432 1866 470 1936 et
495 1863 653 1935 Plautus
680 1865 718 1934 et
743 1862 945 1953 scriptores
963 1863 1130 1935 melioris
1143 1864 1358 1937 Latinitatis

332 2011 392 2082 usi
419 2012 520 2103 sunt,
548 2010 710 2100 legimus
737 2011 852 2082 etiam
881 2010 1070 2104 „potatio”
1097 2011 1271 2084 Bacchid.
1301 2015 1357 2106 79,

334 2156 439 2248 Oapt.
482 2157 562 2244 711,
604 2157 719 2229 Stich.
747 2157 830 2229 211.
861 2156 967 2244 (conf.
994 2157 1108 2248 Apul.
1136 2159 1223 2231 Met.
1251 2159 1357 2232 VIII.

336 2303 366 2375 1.
396 2305 454 2390 22)
480 2307 519 2375 et
546 2303 741 2397 „potator”
768 2305 889 2376 Plaut.
917 2304 1013 2376 Men.
1042 2306 1125 2378 259.

282 2450 512 2542 praegnatio.
542 2450 655 2541 Apul.
681 2451 769 2523 Met.
785 2450 813 2523 I.
828 2453 861 2523 9.
880 2451 911 2544 1,
927 2451 973 2523 V.
992 2453 1047 2523 18.
1062 2453 1120 2524 22.
1135 2452 1284 2545 Asclep.
1300 2454 1358 2526 41.

335 2599 456 2689 Supra
495 2599 804 2671 enumeravimus
830 2600 943 2692 iocos
975 2600 1111 2690 quibus
1138 2601 1296 2673 Plautus
1322 2605 1361 2674 et

333 2746 519 2838 Apuleius
554 2747 734 2819 inusitata
769 2746 890 2819 forma
918 2747 1146 2840 „praegnas”
1174 2749 1233 2820 usi
1259 2753 1358 2821 sunt.

284 2914 463 2986 quercera
490 2898 732 2985 (querquera).
748 2894 985 2967 substantive
999 2896 1119 2967 utItur
1133 2896 1245 2988 Apul.
1262 2898 1358 2989 apol.

335 3043 392 3114 35.
408 3041 535 3128 (Lucil.
551 3041 627 3113 Sat.
644 3043 676 3113 2.
693 3042 739 3126 8).
754 3042 912 3114 Plautus
924 3042 1024 3115 Friv.
1039 3042 1081 3114 fr.
1097 3044 1118 3114 2
1131 3064 1138 3114 :
1153 3063 1362 3136 querquera

334 3188 446 3262 febris
474 3188 601 3276 (Lucii.
629 3188 704 3260 Sat.
732 3188 774 3260 fr.
802 3189 873 3260 inc.
901 3190 958 3261 35.
986 3191 1024 3260 et
1049 3190 1119 3276 37).

286 3337 438 3409 ruratio.
466 3336 580 3428 Apul.
607 3335 725 3407 florid.
758 3336 812 3407 15.
841 3356 875 3426 p.
908 3336 963 3428 16,
994 3336 1049 3408 15.
1076 3336 1141 3409 Kr.
1166 3338 1209 3410 of.
1238 3339 1361 3413 Plaut.

336 3483 528 3576 01111184.

287 3631 484 3705 sarcinula.
511 3629 624 3721 Apul.
653 3629 740 3701 Met.
756 3629 784 3701 I.
802 3630 857 3702 17.
876 3630 931 3702 14.
946 3631 1240 3726 substantivum,
1255 3635 1363 3725 cujus

337 3778 619 3850 deminutivum
644 3777 830 3868 Apuleius
857 3777 930 3869 dat,
960 3779 1144 3869 reperitur
1171 3780 1209 3851 in
1227 3781 1362 3855 Plauto

336 3926 436 3997 Trin.
466 3926 546 4016 719,
579 3925 661 3996 956.
698 3925 803 4014 Quod
831 3925 1107 3998 adnumerum
1135 3928 1221 4001 vide
1248 3934 1362 4021 caput

335 4073 503 4165 tertium,
531 4073 630 4163 quod
652 4075 737 4162 aget
751 4072 796 4143 de
810 4071 1363 4165 ionntsetymoiogicisabona

336 4222 539 4294 Latinitate
564 4220 874 4311 discrepantibus

290 4371 489 4442 scortatus.
517 4367 631 4459 Apul.
647 4368 733 4439 Met.
754 4368 799 4439 V.
816 4368 873 4438 28.
889 4367 947 4438 21.
962 4367 1006 4439 cf.
1020 4368 1141 4440 Plaut.
1156 4369 1263 4442 Asin.
1279 4371 1361 4462 270,

183 4613 187 4620 ‚
337 4517 449 4588 Mero.
493 4516 597 4588 1018.
625 4515 785 4587 verbum
814 4515 1016 4609 „scortari”
1043 4518 1081 4587 et
1106 4517 1206 4607 apud
1233 4518 1363 4590 Teren-
